2018 2844
83 160 369 222 vocabatui·
389 161 444 216 in
460 160 729 218 discrimen
750 105 960 237 past9oris
984 164 1037 219 &
1054 156 1348 234 professoris
1368 155 1603 215 Theolo-

82 242 181 316 giae
206 237 486 311 fama,quae
506 239 597 311 ipsi
619 240 769 293 debet
793 238 887 296 esse
906 242 1010 312 ipsa
1028 241 1132 293 vita
1147 240 1338 296 carior?
1364 235 1495 290 Non
1513 253 1603 287 vo-

81 316 295 373 cabatur
321 318 375 368 in
396 312 667 369 discrimen
691 317 798 384 ejus
821 318 1155 369 ministerium
1173 353 1187 379 ‚
1229 316 1369 380 cuj-is
1386 308 1599 364 efficaci-

87 394 190 448 tati
205 387 376 445 obeffe
390 389 695 462 nihilmagis
716 392 879 462 potest
898 432 915 458 ,
945 388 1147 464 quamsi
1165 392 1346 442 erroris
1375 403 1609 439 momen-

90 465 188 523 tofi
212 468 267 520 in
289 462 433 520 causa
452 464 720 538 religionis
743 466 1011 519 damnatus
1035 468 1062 520 ὲ
1078 464 1292 538 Synodo
1333 460 1605 516 Nationali

90 541 454 599 existimetur?
471 540 598 595 Non
621 539 977 608 subijciebatur
1008 545 1117 609 ejus
1144 537 1359 610 persona
1384 533 1618 589 censuris‘

91 615 370 675 omnibu5‚
392 613 653 685 siquidem
678 633 742 667 eo
772 615 977 670 decreto
1013 620 1119 684 ejus
1141 614 1373 667 doctrina
1405 615 1616 663 damna-

93 691 247 747 batur
269 698 293 752 ?
324 690 451 745 Non
473 691 793 758 judicabatur
811 692 1020 762 pastoris
1046 696 1095 746 δι
1134 686 1423 761 professoris
1440 686 1612 740 Theo-

92 766 251 840 logiae
265 782 476 820 munere
499 765 794 837 priuandu5‚
815 766 847 818 si
870 766 1078 838 quidem
1103 784 1166 819 eo
1196 763 1401 816 decreto
1427 762 1618 814 studio-

96 839 136 897 [ι
157 840 465 913 Theologiae
496 841 566 893 ob
579 843 684 894 eius
700 859 923 895 errore-m
954 839 981 893 a
1003 839 1144 897 sacro
1179 840 1317 894 verbi
1344 840 1445 895 Dei
1469 837 1624 890 mini«

97 916 252 976 sterio
266 915 669 971 excludebantur
691 924 713 975 ἓ

156 993 319 1047 Dicet
332 989 472 1046 forte
485 993 642 1044 etiarn
662 985 846 1062 aliquis
862 1032 878 1058 ‚
899 990 961 1044 ad
981 986 1127 1046 fuisse
1149 993 1286 1043 inter
1316 1006 1497 1042 omnes
1512 990 1626 1042 exi*

99 1068 269 1122 mium
292 1107 310 1134 ,
342 1065 591 1121 doetrina‘
612 1066 954 1137 percelebrem
989 1072 1038 1132 ὃς
1079 1066 1375 1135 eloquentia
1400 1104 1415 1125 ‚
1452 1064 1627 1119 Placei

100 1141 406 1215 Collegam‚
426 1142 515 1213 qui
530 1140 823 1212 eiu5‚quam
846 1138 969 1213 ipse,
998 1140 1306 1195 sententiam
1324 1141 1448 1193 muli
1463 1141 1496 1194 ὸ
1519 1157 1624 1192 τηε·

100 1215 204 1273 lius
231 1221 285 1272 δε
319 1213 646 1289 eloquentius
668 1215 804 1285 apud
830 1217 1102 1289 Synodum
1134 1214 1447 1269 defenderet.
1490 1215 1632 1270 Ade-

102 1306 185 1348 rat
206 1292 250 1345 is
272 1290 488 1366 quidem
512 1330 528 1358 ,
554 1287 762 1361 eiusque
779 1290 928 1345 dotes
949 1291 1162 1346 Placeus
1192 1294 1243 1345 ὃς
1259 1289 1543 1343 admiratur
1569 1292 1624 1343 δε

105 1368 237 1423 colit
258 1406 277 1433 ‚
313 1370 364 1423 δε
383 1371 440 1419 in
459 1381 601 1439 parte
623 1363 917 1420 foelicitatis
946 1363 1043 1420 suae
1074 1369 1223 1439 ponit
1256 1364 1415 1419 talem
1444 1365 1633 1418 habere

106 1442 408 1515 Collegarn.
447 1441 551 1497 Sed
575 1459 737 1514 neque
751 1459 870 1496 cum
895 1460 960 1496 eo
984 1441 1047 1496 de
1081 1441 1359 1513 quaestione
1381 1440 1471 1493 illa
1509 1458 1634 1493 con-

107 1518 297 1572 tulerat
315 1533 540 1588 vnquam
564 1556 580 1583 ‚
615 1534 782 1589 neque
797 1517 956 1571 allam
975 1518 1039 1569 ab
1055 1535 1120 1569 eo
1142 1519 1196 1567 in
1217 1515 1432 1588 Synodo
1456 1512 1633 1568 defen-

103 1589 311 1648 -fionem
325 1590 585 1661 sperabat,
613 1590 708 1644 nisi
721 1605 805 1663 vt,
834 1591 869 1644 fi
897 1589 1210 1645 accusaretur
1231 1631 1247 1658 ,
1269 1590 1633 1656 intercederet,

108 1668 393 1740 quominus
415 1663 608 1719 ‘absens
647 1668 702 1721 δι
730 1665 992 1720 inauditus
1014 1665 1465 1720 condemnaretur.
1493 1668 1638 1737 Qa-

109 1749 168 1798 'te
191 1739 227 1797 fi
255 1739 429 1795 Placei
449 1738 654 1795 causam
674 1737 892 1813 suscepit
905 1741 1041 1814 apud
1060 1740 1332 1813 Synodum
1362 1742 1636 1805 orandam,

110 1816 172 1871 id
196 1830 379 1890 praeter
397 1815 570 1870 Placei
594 1831 823 1870 mentem
837 1820 1011 1870 euenit
1026 1856 1042 1884 ‚
1063 1813 1273 1886 eiusque
1297 1819 1352 1870 in
1377 1814 1637 1887 collegam

82 1894 85 1895 ⁷
110 1889 491 1947 beneuolentiae
513 1888 874 1948 ascribendum
893 1893 983 1959 est,
996 1910 1164 1963 neque
1185 1893 1251 1965 Sy
1261 1892 1460 1944 nodum
1478 1893 1640 1964 impe-

115 1966 231 2022 dire
252 1966 451 2030 debuit,
471 1969 752 2029 quominus
773 1965 945 2040 ipsum
961 1967 1205 2022 Placeum
1222 2008 1238 2035 ‚
1257 1965 1292 2021 fi
1314 1965 1524 2038 quidem
1550 1984 1645 2017 no-

119 2043 368 2096 minatim
390 2039 733 2110 accusabatur,
746 2046 945 2099 citaret.
969 2044 1019 2097 ls
1033 2044 1176 2097 enim
1201 2082 1217 2108 ,
1241 2041 1358 2097 cum
1390 2039 1647 2109 ejusmodi

118 2117 500 2172 accusationem
523 2117 696 2171 ordini
730 2121 786 2171 in
804 2117 1026 2174 Ecclesia
1056 2119 1336 2173 constituto
1359 2133 1653 2188 repugnan-

67 2251 71 2255 ,
120 2202 233 2246 tem
248 2192 505 2255 diuinare,
531 2194 560 2246 a
576 2196 784 2246 nemine
801 2194 1100 2248 admonitus
1113 2233 1130 2260 ,
1162 2210 1270 2246 non
1284 2189 1470 2266 posset,
1484 2209 1648 2261 neque

121 2264 216 2323 fibi
246 2271 302 2322 in
320 2268 594 2341 Synodum
615 2267 929 2324 veniendum
964 2281 1234 2341 putauerat
1255 2308 1272 2335 ,
1303 2283 1467 2339 neque
1495 2266 1656 2322 alium

121 2344 415 2416 rogandum
432 2367 464 2411 ‚·
484 2358 543 2401 vt
564 2363 660 2420 pro
682 2340 730 2401 se
743 2341 1047 2418 respondere
1069 2384 1085 2410 ‚
1113 2340 1420 2416 causamque
1444 2339 1584 2396 suam
1600 2359 1651 2393 a·

124 2419 234 2489 pud
250 2418 520 2494 Synodum
540 2424 673 2474 tueri
706 2420 878 2487 vellet.
920 2421 1086 2476 Porro
1108 2418 1143 2472 fi
1174 2422 1283 2473 eius
1313 2414 1661 2472 causamCla-

132 2491 350 2574 giffimutp
363 2494 589 2572 Collega
610 2493 828 2573 suscepit
842 2535 862 2565 ,
884 2514 973 2555 cur
989 2499 1196 2554 coaetus
1232 2495 1301 2549 est
1323 2491 1564 2553 defensor
1589 2507 1669 2545 ac-
