<?xml version="1.0" encoding="UTF-8"?>
<!DOCTYPE html PUBLIC "-//W3C//DTD XHTML 1.0 Transitional//EN"
    "http://www.w3.org/TR/xhtml1/DTD/xhtml1-transitional.dtd">
<html xmlns="http://www.w3.org/1999/xhtml" xml:lang="en" lang="en">
 <head>
  <title>
</title>
<meta http-equiv="Content-Type" content="text/html;charset=utf-8" />
  <meta name='ocr-system' content='tesseract 3.04.00' />
  <meta name='ocr-capabilities' content='ocr_page ocr_carea ocr_par ocr_line ocrx_word'/>
</head>
<body>
  <div class='ocr_page' id='page_1' title='image "./deimputationepri00lapl_0265.png"; bbox 0 0 2018 2844; ppageno 0'>
   <div class='ocr_carea' id='block_1_1' title="bbox 0 135 1572 2670">
    <p class='ocr_par' dir='ltr' id='par_1_1' title="bbox 0 135 1572 2670">
     <span class='ocr_line' id='line_1_1' title="bbox 256 135 1551 209; baseline -0.003 -15"><span class='ocrx_word' id='word_1_1' title='bbox 256 140 354 194; x_wconf 69' lang='lat' dir='ltr'>DE</span> <span class='ocrx_word' id='word_1_2' title='bbox 414 135 1319 194; x_wconf 49' lang='lat' dir='ltr'>CAvsA&#39;co&#39;Nnh-ninn&#39;rtomffi</span> <span class='ocrx_word' id='word_1_3' title='bbox 1445 146 1551 209; x_wconf 27' lang='lat'>‘2¹55</span> 
     </span>
     <span class='ocr_line' id='line_1_2' title="bbox 96 209 1558 285; baseline -0.002 -15"><span class='ocrx_word' id='word_1_4' title='bbox 96 212 198 270; x_wconf 85' lang='lat' dir='ltr'>Dei</span> <span class='ocrx_word' id='word_1_5' title='bbox 220 213 412 267; x_wconf 86' lang='lat' dir='ltr'>iudicio</span> <span class='ocrx_word' id='word_1_6' title='bbox 438 216 489 268; x_wconf 87' lang='lat'>&amp;</span> <span class='ocrx_word' id='word_1_7' title='bbox 515 233 672 285; x_wconf 81' lang='lat' dir='ltr'>poena</span> <span class='ocrx_word' id='word_1_8' title='bbox 691 229 922 278; x_wconf 76' lang='lat' dir='ltr'>vocatur,</span> <span class='ocrx_word' id='word_1_9' title='bbox 943 214 1061 284; x_wconf 84' lang='lat' dir='ltr'>quia</span> <span class='ocrx_word' id='word_1_10' title='bbox 1080 230 1185 264; x_wconf 90' lang='lat' dir='ltr'>non</span> <span class='ocrx_word' id='word_1_11' title='bbox 1207 209 1392 263; x_wconf 84' lang='lat' dir='ltr'>accidit</span> <span class='ocrx_word' id='word_1_12' title='bbox 1416 211 1558 267; x_wconf 80' lang='lat' dir='ltr'>Ada-</span> 
     </span>
     <span class='ocr_line' id='line_1_3' title="bbox 94 284 1557 361; baseline 0.001 -21"><span class='ocrx_word' id='word_1_13' title='bbox 94 306 186 340; x_wconf 88' lang='lat' dir='ltr'>mo</span> <span class='ocrx_word' id='word_1_14' title='bbox 207 287 308 341; x_wconf 88' lang='lat' dir='ltr'>fine</span> <span class='ocrx_word' id='word_1_15' title='bbox 337 289 511 342; x_wconf 86' lang='lat' dir='ltr'>diuina</span> <span class='ocrx_word' id='word_1_16' title='bbox 545 285 862 361; x_wconf 80' lang='lat' dir='ltr'>permistione</span> <span class='ocrx_word' id='word_1_17' title='bbox 884 305 943 339; x_wconf 88' lang='lat' dir='ltr'>ac</span> <span class='ocrx_word' id='word_1_18' title='bbox 971 284 1276 350; x_wconf 84' lang='lat' dir='ltr'>desertione,</span> <span class='ocrx_word' id='word_1_19' title='bbox 1296 288 1415 340; x_wconf 90' lang='lat' dir='ltr'>Deo</span> <span class='ocrx_word' id='word_1_20' title='bbox 1448 305 1557 342; x_wconf 89' lang='lat' dir='ltr'>non</span> 
     </span>
     <span class='ocr_line' id='line_1_4' title="bbox 12 359 1558 436; baseline 0.003 -23"><span class='ocrx_word' id='word_1_21' title='bbox 12 364 20 386; x_wconf 73' lang='lat'><strong>²</strong></span> <span class='ocrx_word' id='word_1_22' title='bbox 92 363 410 435; x_wconf 85' lang='lat' dir='ltr'><strong>impediente</strong></span> <span class='ocrx_word' id='word_1_23' title='bbox 431 365 622 436; x_wconf 87' lang='lat' dir='ltr'>peccati</span> <span class='ocrx_word' id='word_1_24' title='bbox 647 363 855 416; x_wconf 63' lang='lat' dir='ltr'>actualis</span> <span class='ocrx_word' id='word_1_25' title='bbox 889 360 1173 414; x_wconf 79' lang='lat' dir='ltr'><strong>naturalem</strong></span> <span class='ocrx_word' id='word_1_26' title='bbox 1198 359 1472 415; x_wconf 78' lang='lat' dir='ltr'>efficaciam</span> <span class='ocrx_word' id='word_1_27' title='bbox 1502 368 1558 417; x_wconf 73' lang='grc' dir='ltr'>δε</span> 
     </span>
     <span class='ocr_line' id='line_1_5' title="bbox 93 434 1556 510; baseline 0.002 -21"><span class='ocrx_word' id='word_1_28' title='bbox 93 434 353 510; x_wconf 82' lang='lat' dir='ltr'>sequelam</span> <span class='ocrx_word' id='word_1_29' title='bbox 374 479 389 504; x_wconf 80' lang='grc'>,</span> <span class='ocrx_word' id='word_1_30' title='bbox 409 453 523 491; x_wconf 89' lang='lat' dir='ltr'>tum</span> <span class='ocrx_word' id='word_1_31' title='bbox 545 438 663 509; x_wconf 81' lang='lat' dir='ltr'>quia</span> <span class='ocrx_word' id='word_1_32' title='bbox 689 437 930 507; x_wconf 88' lang='lat' dir='ltr'>impediri</span> <span class='ocrx_word' id='word_1_33' title='bbox 953 455 1058 488; x_wconf 92' lang='grc' dir='ltr'>ηοη</span> <span class='ocrx_word' id='word_1_34' title='bbox 1080 439 1251 506; x_wconf 89' lang='lat' dir='ltr'>potuit</span> <span class='ocrx_word' id='word_1_35' title='bbox 1273 436 1362 490; x_wconf 83' lang='lat' dir='ltr'>nist</span> <span class='ocrx_word' id='word_1_36' title='bbox 1378 451 1556 492; x_wconf 82' lang='lat' dir='ltr'>contra</span> 
     </span>
     <span class='ocr_line' id='line_1_6' title="bbox 92 506 1572 583; baseline -0.005 -17"><span class='ocrx_word' id='word_1_37' title='bbox 92 514 330 566; x_wconf 83' lang='lat' dir='ltr'>ordinem</span> <span class='ocrx_word' id='word_1_38' title='bbox 347 527 537 566; x_wconf 82' lang='lat' dir='ltr'>naturae</span> <span class='ocrx_word' id='word_1_39' title='bbox 561 552 578 579; x_wconf 84' lang='lat'>‚</span> <span class='ocrx_word' id='word_1_40' title='bbox 603 526 718 565; x_wconf 88' lang='lat' dir='ltr'>tum</span> <span class='ocrx_word' id='word_1_41' title='bbox 739 514 857 583; x_wconf 85' lang='lat' dir='ltr'>quia</span> <span class='ocrx_word' id='word_1_42' title='bbox 878 509 969 565; x_wconf 90' lang='lat' dir='ltr'>suo</span> <span class='ocrx_word' id='word_1_43' title='bbox 990 506 1103 582; x_wconf 78' lang='lat' dir='ltr'>ipso</span> <span class='ocrx_word' id='word_1_44' title='bbox 1131 524 1339 581; x_wconf 83' lang='lat' dir='ltr'>peccato</span> <span class='ocrx_word' id='word_1_45' title='bbox 1369 512 1572 565; x_wconf 57' lang='lat' dir='ltr'>actuali,</span> 
     </span>
     <span class='ocr_line' id='line_1_7' title="bbox 88 584 1554 660; baseline 0 -20"><span class='ocrx_word' id='word_1_46' title='bbox 88 585 275 660; x_wconf 80' lang='lat' dir='ltr'>dignus</span> <span class='ocrx_word' id='word_1_47' title='bbox 296 584 451 643; x_wconf 76' lang='lat' dir='ltr'>fiebat</span> <span class='ocrx_word' id='word_1_48' title='bbox 473 587 706 644; x_wconf 84' lang='lat' dir='ltr'>Adamus</span> <span class='ocrx_word' id='word_1_49' title='bbox 725 604 881 657; x_wconf 87' lang='lat' dir='ltr'>quem</span> <span class='ocrx_word' id='word_1_50' title='bbox 901 588 1044 642; x_wconf 85' lang='lat' dir='ltr'>Deus</span> <span class='ocrx_word' id='word_1_51' title='bbox 1061 584 1322 639; x_wconf 83' lang='lat' dir='ltr'>desereret.</span> <span class='ocrx_word' id='word_1_52' title='bbox 1353 585 1554 640; x_wconf 83' lang='lat' dir='ltr'>Iudica-</span> 
     </span>
     <span class='ocr_line' id='line_1_8' title="bbox 88 658 1555 736; baseline 0.003 -24"><span class='ocrx_word' id='word_1_53' title='bbox 88 664 166 714; x_wconf 91' lang='lat' dir='ltr'>uit</span> <span class='ocrx_word' id='word_1_54' title='bbox 184 665 343 736; x_wconf 80' lang='lat' dir='ltr'>igitur</span> <span class='ocrx_word' id='word_1_55' title='bbox 379 667 431 718; x_wconf 90' lang='lat'>&amp;</span> <span class='ocrx_word' id='word_1_56' title='bbox 453 662 717 716; x_wconf 89' lang='lat' dir='ltr'>constituit</span> <span class='ocrx_word' id='word_1_57' title='bbox 746 658 1003 715; x_wconf 71' lang='lat' dir='ltr'>iustiffime</span> <span class='ocrx_word' id='word_1_58' title='bbox 1035 677 1141 711; x_wconf 88' lang='lat' dir='ltr'>non</span> <span class='ocrx_word' id='word_1_59' title='bbox 1177 660 1426 733; x_wconf 83' lang='lat' dir='ltr'>impedire</span> <span class='ocrx_word' id='word_1_60' title='bbox 1445 680 1555 717; x_wconf 89' lang='lat' dir='ltr'>cor-</span> 
     </span>
     <span class='ocr_line' id='line_1_9' title="bbox 86 733 1550 810; baseline 0.003 -22"><span class='ocrx_word' id='word_1_61' title='bbox 86 740 343 809; x_wconf 82' lang='lat' dir='ltr'>ruptionis</span> <span class='ocrx_word' id='word_1_62' title='bbox 367 738 503 790; x_wconf 76' lang='lat' dir='ltr'>illius</span> <span class='ocrx_word' id='word_1_63' title='bbox 517 737 912 810; x_wconf 64' lang='lat' dir='ltr'>productionem</span> <span class='ocrx_word' id='word_1_64' title='bbox 933 739 987 788; x_wconf 89' lang='lat' dir='ltr'>in</span> <span class='ocrx_word' id='word_1_65' title='bbox 1010 733 1237 789; x_wconf 86' lang='lat' dir='ltr'>Adamo.</span> <span class='ocrx_word' id='word_1_66' title='bbox 1271 735 1440 791; x_wconf 81' lang='lat' dir='ltr'>Pofita</span> <span class='ocrx_word' id='word_1_67' title='bbox 1463 757 1550 792; x_wconf 82' lang='lat' dir='ltr'>au-</span> 
     </span>
     <span class='ocr_line' id='line_1_10' title="bbox 85 810 1551 883; baseline 0.001 -21"><span class='ocrx_word' id='word_1_68' title='bbox 85 823 191 864; x_wconf 86' lang='lat' dir='ltr'>tem</span> <span class='ocrx_word' id='word_1_69' title='bbox 213 817 542 882; x_wconf 83' lang='lat' dir='ltr'>corruptione</span> <span class='ocrx_word' id='word_1_70' title='bbox 568 811 762 867; x_wconf 79' lang='lat' dir='ltr'>Adami</span> <span class='ocrx_word' id='word_1_71' title='bbox 799 815 852 865; x_wconf 67' lang='grc' dir='ltr'>ὃς</span> <span class='ocrx_word' id='word_1_72' title='bbox 887 811 1240 883; x_wconf 78' lang='lat' dir='ltr'>procreatione</span> <span class='ocrx_word' id='word_1_73' title='bbox 1269 810 1551 869; x_wconf 87' lang='lat' dir='ltr'>liberorum</span> 
     </span>
     <span class='ocr_line' id='line_1_11' title="bbox 84 882 1549 960; baseline 0.001 -23"><span class='ocrx_word' id='word_1_74' title='bbox 84 882 252 940; x_wconf 84' lang='lat' dir='ltr'>secuta</span> <span class='ocrx_word' id='word_1_75' title='bbox 278 886 348 938; x_wconf 79' lang='lat' dir='ltr'>est</span> <span class='ocrx_word' id='word_1_76' title='bbox 377 887 839 960; x_wconf 75' lang='lat' dir='ltr'>propagatio—iliius</span> <span class='ocrx_word' id='word_1_77' title='bbox 865 887 1210 956; x_wconf 85' lang='lat' dir='ltr'>corruptionis</span> <span class='ocrx_word' id='word_1_78' title='bbox 1232 888 1282 937; x_wconf 90' lang='lat' dir='ltr'>in</span> <span class='ocrx_word' id='word_1_79' title='bbox 1320 887 1549 955; x_wconf 86' lang='lat' dir='ltr'>posteros</span> 
     </span>
     <span class='ocr_line' id='line_1_12' title="bbox 82 959 1546 1034; baseline 0.001 -23"><span class='ocrx_word' id='word_1_80' title='bbox 82 978 274 1016; x_wconf 80' lang='lat' dir='ltr'>naturae</span> <span class='ocrx_word' id='word_1_81' title='bbox 294 965 342 1012; x_wconf 87' lang='lat' dir='ltr'>vi</span> <span class='ocrx_word' id='word_1_82' title='bbox 368 967 417 1014; x_wconf 69' lang='grc' dir='ltr'>δε</span> <span class='ocrx_word' id='word_1_83' title='bbox 442 962 553 1034; x_wconf 78' lang='lat' dir='ltr'>lege</span> <span class='ocrx_word' id='word_1_84' title='bbox 578 1004 592 1028; x_wconf 84' lang='lat'>‚</span> <span class='ocrx_word' id='word_1_85' title='bbox 624 978 929 1025; x_wconf 79' lang='lat' dir='ltr'>nontamen</span> <span class='ocrx_word' id='word_1_86' title='bbox 946 959 1047 1014; x_wconf 85' lang='lat' dir='ltr'>fine</span> <span class='ocrx_word' id='word_1_87' title='bbox 1069 962 1170 1014; x_wconf 89' lang='lat' dir='ltr'>Dei</span> <span class='ocrx_word' id='word_1_88' title='bbox 1207 959 1546 1030; x_wconf 70' lang='lat' dir='ltr'>permistione.</span> 
     </span>
     <span class='ocr_line' id='line_1_13' title="bbox 81 1034 1549 1107; baseline 0.006 -22"><span class='ocrx_word' id='word_1_89' title='bbox 81 1034 187 1087; x_wconf 78' lang='lat' dir='ltr'>haec</span> <span class='ocrx_word' id='word_1_90' title='bbox 204 1035 456 1106; x_wconf 76' lang='lat' dir='ltr'>permistio</span> <span class='ocrx_word' id='word_1_91' title='bbox 476 1052 654 1107; x_wconf 68' lang='lat' dir='ltr'>praeter</span> <span class='ocrx_word' id='word_1_92' title='bbox 688 1054 770 1088; x_wconf 88' lang='lat' dir='ltr'>eas</span> <span class='ocrx_word' id='word_1_93' title='bbox 800 1039 1028 1090; x_wconf 78' lang='lat' dir='ltr'>rationes</span> <span class='ocrx_word' id='word_1_94' title='bbox 1051 1035 1119 1088; x_wconf 92' lang='lat' dir='ltr'>ob</span> <span class='ocrx_word' id='word_1_95' title='bbox 1149 1053 1275 1105; x_wconf 83' lang='lat' dir='ltr'>quas</span> <span class='ocrx_word' id='word_1_96' title='bbox 1296 1038 1437 1090; x_wconf 86' lang='lat' dir='ltr'>Deus</span> <span class='ocrx_word' id='word_1_97' title='bbox 1465 1038 1549 1094; x_wconf 89' lang='lat' dir='ltr'>vel</span> 
     </span>
     <span class='ocr_line' id='line_1_14' title="bbox 80 1107 1549 1181; baseline 0.003 -18"><span class='ocrx_word' id='word_1_98' title='bbox 80 1108 411 1181; x_wconf 81' lang='lat' dir='ltr'>Angelorum</span> <span class='ocrx_word' id='word_1_99' title='bbox 436 1112 516 1164; x_wconf 89' lang='lat' dir='ltr'>vel</span> <span class='ocrx_word' id='word_1_100' title='bbox 549 1111 740 1167; x_wconf 81' lang='lat' dir='ltr'>Adami</span> <span class='ocrx_word' id='word_1_101' title='bbox 765 1107 961 1180; x_wconf 76' lang='lat' dir='ltr'>lapsum</span> <span class='ocrx_word' id='word_1_102' title='bbox 986 1110 1208 1180; x_wconf 72' lang='lat' dir='ltr'>permisit</span> <span class='ocrx_word' id='word_1_103' title='bbox 1238 1110 1549 1167; x_wconf 81' lang='lat' dir='ltr'>hanc-habet</span> 
     </span>
     <span class='ocr_line' id='line_1_15' title="bbox 81 1183 1548 1257; baseline 0.003 -22"><span class='ocrx_word' id='word_1_104' title='bbox 81 1189 364 1255; x_wconf 72' lang='lat' dir='ltr'>propriam,</span> <span class='ocrx_word' id='word_1_105' title='bbox 382 1187 523 1257; x_wconf 77' lang='lat' dir='ltr'>quod</span> <span class='ocrx_word' id='word_1_106' title='bbox 547 1184 737 1239; x_wconf 75' lang='lat' dir='ltr'>neceffe</span> <span class='ocrx_word' id='word_1_107' title='bbox 763 1183 930 1238; x_wconf 87' lang='lat' dir='ltr'>fuiffet</span> <span class='ocrx_word' id='word_1_108' title='bbox 946 1186 1010 1236; x_wconf 80' lang='lat' dir='ltr'>ad</span> <span class='ocrx_word' id='word_1_109' title='bbox 1033 1202 1148 1236; x_wconf 86' lang='lat' dir='ltr'>eam</span> <span class='ocrx_word' id='word_1_110' title='bbox 1163 1187 1548 1256; x_wconf 82' lang='lat' dir='ltr'>impediendam</span> 
     </span>
     <span class='ocr_line' id='line_1_16' title="bbox 78 1259 1548 1332; baseline -0.001 -22"><span class='ocrx_word' id='word_1_111' title='bbox 78 1260 359 1313; x_wconf 82' lang='lat' dir='ltr'>rescindere</span> <span class='ocrx_word' id='word_1_112' title='bbox 377 1280 526 1331; x_wconf 83' lang='lat' dir='ltr'>atque</span> <span class='ocrx_word' id='word_1_113' title='bbox 544 1277 768 1314; x_wconf 84' lang='lat' dir='ltr'>euertere</span> <span class='ocrx_word' id='word_1_114' title='bbox 786 1259 921 1332; x_wconf 81' lang='lat' dir='ltr'>leges</span> <span class='ocrx_word' id='word_1_115' title='bbox 940 1259 1184 1311; x_wconf 84' lang='lat' dir='ltr'>naturalis</span> <span class='ocrx_word' id='word_1_116' title='bbox 1215 1267 1548 1332; x_wconf 83' lang='lat' dir='ltr'>propagatio-</span> 
     </span>
     <span class='ocr_line' id='line_1_17' title="bbox 75 1335 1549 1405; baseline 0.004 -20"><span class='ocrx_word' id='word_1_117' title='bbox 75 1337 154 1385; x_wconf 81' lang='lat' dir='ltr'>nis</span> <span class='ocrx_word' id='word_1_118' title='bbox 176 1335 380 1389; x_wconf 79' lang='lat' dir='ltr'>decreto</span> <span class='ocrx_word' id='word_1_119' title='bbox 406 1338 466 1388; x_wconf 83' lang='lat' dir='ltr'>de</span> <span class='ocrx_word' id='word_1_120' title='bbox 491 1335 709 1388; x_wconf 80' lang='lat' dir='ltr'>creando</span> <span class='ocrx_word' id='word_1_121' title='bbox 734 1335 930 1387; x_wconf 89' lang='lat' dir='ltr'>mundo</span> <span class='ocrx_word' id='word_1_122' title='bbox 949 1335 1248 1387; x_wconf 82' lang='lat' dir='ltr'>constitutas</span> <span class='ocrx_word' id='word_1_123' title='bbox 1269 1374 1284 1398; x_wconf 59' lang='lat'>2</span> <span class='ocrx_word' id='word_1_124' title='bbox 1308 1337 1449 1405; x_wconf 86' lang='lat' dir='ltr'>quod</span> <span class='ocrx_word' id='word_1_125' title='bbox 1462 1340 1549 1390; x_wconf 87' lang='lat' dir='ltr'>de-</span> 
     </span>
     <span class='ocr_line' id='line_1_18' title="bbox 80 1410 1550 1483; baseline 0 -24"><span class='ocrx_word' id='word_1_126' title='bbox 80 1425 276 1462; x_wconf 85' lang='lat' dir='ltr'>cretum</span> <span class='ocrx_word' id='word_1_127' title='bbox 298 1415 414 1481; x_wconf 82' lang='lat' dir='ltr'>quia</span> <span class='ocrx_word' id='word_1_128' title='bbox 437 1427 626 1462; x_wconf 82' lang='lat' dir='ltr'>naturae</span> <span class='ocrx_word' id='word_1_129' title='bbox 652 1410 830 1463; x_wconf 88' lang='lat' dir='ltr'>ordine</span> <span class='ocrx_word' id='word_1_130' title='bbox 862 1414 996 1480; x_wconf 88' lang='lat' dir='ltr'>prius</span> <span class='ocrx_word' id='word_1_131' title='bbox 1016 1411 1084 1463; x_wconf 91' lang='lat' dir='ltr'>est</span> <span class='ocrx_word' id='word_1_132' title='bbox 1112 1410 1317 1462; x_wconf 89' lang='lat' dir='ltr'>decreto</span> <span class='ocrx_word' id='word_1_133' title='bbox 1343 1412 1412 1462; x_wconf 65' lang='lat' dir='ltr'>de*</span> <span class='ocrx_word' id='word_1_134' title='bbox 1433 1431 1550 1483; x_wconf 79' lang='lat' dir='ltr'>per..</span> 
     </span>
     <span class='ocr_line' id='line_1_19' title="bbox 77 1482 1545 1558; baseline 0.005 -25"><span class='ocrx_word' id='word_1_135' title='bbox 77 1487 337 1538; x_wconf 80' lang='lat' dir='ltr'>mittendo</span> <span class='ocrx_word' id='word_1_136' title='bbox 368 1482 505 1556; x_wconf 77' lang='lat' dir='ltr'>lapsu</span> <span class='ocrx_word' id='word_1_137' title='bbox 535 1526 549 1550; x_wconf 83' lang='lat'>‚</span> <span class='ocrx_word' id='word_1_138' title='bbox 577 1503 779 1536; x_wconf 88' lang='lat' dir='ltr'>necnon</span> <span class='ocrx_word' id='word_1_139' title='bbox 817 1484 1021 1537; x_wconf 88' lang='lat' dir='ltr'>decreto</span> <span class='ocrx_word' id='word_1_140' title='bbox 1054 1486 1114 1535; x_wconf 88' lang='lat' dir='ltr'>de</span> <span class='ocrx_word' id='word_1_141' title='bbox 1143 1486 1427 1555; x_wconf 88' lang='lat' dir='ltr'>reparando</span> <span class='ocrx_word' id='word_1_142' title='bbox 1456 1505 1545 1558; x_wconf 88' lang='lat' dir='ltr'>per</span> 
     </span>
     <span class='ocr_line' id='line_1_20' title="bbox 75 1560 1546 1635; baseline 0.003 -23"><span class='ocrx_word' id='word_1_143' title='bbox 75 1561 339 1612; x_wconf 38' lang='lat' dir='ltr'>Ch-rir-aum</span> <span class='ocrx_word' id='word_1_144' title='bbox 353 1578 533 1632; x_wconf 80' lang='lat' dir='ltr'>genere</span> <span class='ocrx_word' id='word_1_145' title='bbox 553 1560 778 1611; x_wconf 82' lang='lat' dir='ltr'>humano</span> <span class='ocrx_word' id='word_1_146' title='bbox 795 1601 809 1625; x_wconf 78' lang='grc'>,</span> <span class='ocrx_word' id='word_1_147' title='bbox 834 1575 937 1612; x_wconf 82' lang='grc' dir='ltr'>ηοη</span> <span class='ocrx_word' id='word_1_148' title='bbox 954 1562 1123 1632; x_wconf 83' lang='lat' dir='ltr'>potuit</span> <span class='ocrx_word' id='word_1_149' title='bbox 1141 1577 1230 1611; x_wconf 88' lang='lat' dir='ltr'>nec</span> <span class='ocrx_word' id='word_1_150' title='bbox 1256 1560 1431 1613; x_wconf 87' lang='lat' dir='ltr'>debuit</span> <span class='ocrx_word' id='word_1_151' title='bbox 1454 1582 1546 1635; x_wconf 87' lang='lat' dir='ltr'>per</span> 
     </span>
     <span class='ocr_line' id='line_1_21' title="bbox 74 1632 1540 1703; baseline 0.005 -18"><span class='ocrx_word' id='word_1_152' title='bbox 74 1637 354 1703; x_wconf 82' lang='lat' dir='ltr'>posteriora</span> <span class='ocrx_word' id='word_1_153' title='bbox 376 1636 573 1687; x_wconf 82' lang='lat' dir='ltr'>decreta</span> <span class='ocrx_word' id='word_1_154' title='bbox 599 1633 841 1701; x_wconf 78' lang='lat' dir='ltr'>rescindi,</span> <span class='ocrx_word' id='word_1_155' title='bbox 864 1650 915 1687; x_wconf 91' lang='lat' dir='ltr'>vt</span> <span class='ocrx_word' id='word_1_156' title='bbox 934 1637 1038 1687; x_wconf 84' lang='lat' dir='ltr'>iam</span> <span class='ocrx_word' id='word_1_157' title='bbox 1053 1632 1204 1687; x_wconf 88' lang='lat' dir='ltr'>semel</span> <span class='ocrx_word' id='word_1_158' title='bbox 1221 1654 1540 1694; x_wconf 80' lang='lat' dir='ltr'>monueram.</span> 
     </span>
     <span class='ocr_line' id='line_1_22' title="bbox 73 1707 1543 1782; baseline 0.005 -22"><span class='ocrx_word' id='word_1_159' title='bbox 73 1709 159 1761; x_wconf 84' lang='lat' dir='ltr'>Est</span> <span class='ocrx_word' id='word_1_160' title='bbox 176 1726 349 1763; x_wconf 85' lang='lat' dir='ltr'>autem</span> <span class='ocrx_word' id='word_1_161' title='bbox 368 1711 628 1764; x_wconf 88' lang='lat' dir='ltr'>decretum</span> <span class='ocrx_word' id='word_1_162' title='bbox 652 1711 711 1764; x_wconf 88' lang='lat' dir='ltr'>de</span> <span class='ocrx_word' id='word_1_163' title='bbox 735 1729 840 1761; x_wconf 90' lang='lat' dir='ltr'>non</span> <span class='ocrx_word' id='word_1_164' title='bbox 860 1709 1195 1780; x_wconf 87' lang='lat' dir='ltr'>impediendo</span> <span class='ocrx_word' id='word_1_165' title='bbox 1226 1707 1305 1761; x_wconf 89' lang='lat' dir='ltr'>seu</span> <span class='ocrx_word' id='word_1_166' title='bbox 1332 1717 1543 1782; x_wconf 46' lang='lat' dir='ltr'>permit&lt;</span> 
     </span>
     <span class='ocr_line' id='line_1_23' title="bbox 74 1785 1543 1858; baseline -0.001 -23"><span class='ocrx_word' id='word_1_167' title='bbox 74 1785 235 1836; x_wconf 87' lang='lat' dir='ltr'>tendo</span> <span class='ocrx_word' id='word_1_168' title='bbox 263 1786 399 1856; x_wconf 66' lang='lat' dir='ltr'>lapsu</span> <span class='ocrx_word' id='word_1_169' title='bbox 435 1787 621 1839; x_wconf 85' lang='lat' dir='ltr'>iustum</span> <span class='ocrx_word' id='word_1_170' title='bbox 646 1827 661 1852; x_wconf 78' lang='grc'>,</span> <span class='ocrx_word' id='word_1_171' title='bbox 696 1788 812 1857; x_wconf 84' lang='lat' dir='ltr'>quia</span> <span class='ocrx_word' id='word_1_172' title='bbox 835 1785 978 1837; x_wconf 76' lang='lat' dir='ltr'>nullo</span> <span class='ocrx_word' id='word_1_173' title='bbox 1004 1786 1165 1853; x_wconf 84' lang='lat' dir='ltr'>modo</span> <span class='ocrx_word' id='word_1_174' title='bbox 1183 1786 1378 1845; x_wconf 73' lang='lat' dir='ltr'>iustitia:</span> <span class='ocrx_word' id='word_1_175' title='bbox 1396 1806 1543 1858; x_wconf 74' lang='lat' dir='ltr'>repu-</span> 
     </span>
     <span class='ocr_line' id='line_1_24' title="bbox 73 1859 1542 1933; baseline 0.004 -22"><span class='ocrx_word' id='word_1_176' title='bbox 73 1876 197 1930; x_wconf 80' lang='lat' dir='ltr'>gnat</span> <span class='ocrx_word' id='word_1_177' title='bbox 215 1898 230 1924; x_wconf 83' lang='grc'>,</span> <span class='ocrx_word' id='word_1_178' title='bbox 260 1865 308 1913; x_wconf 84' lang='lat'>&amp;</span> <span class='ocrx_word' id='word_1_179' title='bbox 329 1863 508 1913; x_wconf 87' lang='lat' dir='ltr'>iustum</span> <span class='ocrx_word' id='word_1_180' title='bbox 526 1860 624 1913; x_wconf 87' lang='lat' dir='ltr'>fuit</span> <span class='ocrx_word' id='word_1_181' title='bbox 642 1879 706 1926; x_wconf 31' lang='lat' dir='ltr'>‚ac</span> <span class='ocrx_word' id='word_1_182' title='bbox 728 1859 1127 1912; x_wconf 87' lang='lat' dir='ltr'>consentaneum</span> <span class='ocrx_word' id='word_1_183' title='bbox 1150 1859 1284 1933; x_wconf 79' lang='lat' dir='ltr'>leges</span> <span class='ocrx_word' id='word_1_184' title='bbox 1317 1880 1421 1914; x_wconf 87' lang='lat' dir='ltr'>non</span> <span class='ocrx_word' id='word_1_185' title='bbox 1443 1867 1542 1918; x_wconf 88' lang='lat' dir='ltr'>im-</span> 
     </span>
     <span class='ocr_line' id='line_1_25' title="bbox 73 1933 1542 2004; baseline 0.005 -20"><span class='ocrx_word' id='word_1_186' title='bbox 73 1934 250 2004; x_wconf 78' lang='lat' dir='ltr'>pedire</span> <span class='ocrx_word' id='word_1_187' title='bbox 268 1951 455 1986; x_wconf 74' lang='lat' dir='ltr'>natura:</span> <span class='ocrx_word' id='word_1_188' title='bbox 475 1958 486 1986; x_wconf 72' lang='grc' dir='ltr'>ε</span> <span class='ocrx_word' id='word_1_189' title='bbox 514 1937 689 2004; x_wconf 79' lang='lat' dir='ltr'>[taque</span> <span class='ocrx_word' id='word_1_190' title='bbox 712 1938 770 1985; x_wconf 86' lang='lat' dir='ltr'>iis</span> <span class='ocrx_word' id='word_1_191' title='bbox 785 1933 1096 1986; x_wconf 66' lang='lat' dir='ltr'>conseruatis</span> <span class='ocrx_word' id='word_1_192' title='bbox 1114 1934 1212 1986; x_wconf 84' lang='lat' dir='ltr'>alia</span> <span class='ocrx_word' id='word_1_193' title='bbox 1236 1938 1436 1990; x_wconf 85' lang='lat' dir='ltr'>ratione</span> <span class='ocrx_word' id='word_1_194' title='bbox 1450 1939 1542 1992; x_wconf 89' lang='lat' dir='ltr'>ho-</span> 
     </span>
     <span class='ocr_line' id='line_1_26' title="bbox 72 2006 1541 2080; baseline 0.004 -20"><span class='ocrx_word' id='word_1_195' title='bbox 72 2011 272 2060; x_wconf 84' lang='lat' dir='ltr'>minum</span> <span class='ocrx_word' id='word_1_196' title='bbox 293 2008 444 2062; x_wconf 68' lang='lat' dir='ltr'>saluti</span> <span class='ocrx_word' id='word_1_197' title='bbox 460 2011 602 2063; x_wconf 85' lang='lat' dir='ltr'>Deus</span> <span class='ocrx_word' id='word_1_198' title='bbox 618 2006 1002 2079; x_wconf 74' lang='lat' dir='ltr'>sapientissimus</span> <span class='ocrx_word' id='word_1_199' title='bbox 1032 2013 1080 2062; x_wconf 86' lang='lat'>&amp;</span> <span class='ocrx_word' id='word_1_200' title='bbox 1110 2012 1340 2080; x_wconf 87' lang='lat' dir='ltr'>optimus</span> <span class='ocrx_word' id='word_1_201' title='bbox 1360 2012 1541 2066; x_wconf 86' lang='lat' dir='ltr'>consu-</span> 
     </span>
     <span class='ocr_line' id='line_1_27' title="bbox 72 2079 1535 2156; baseline 0.006 -24"><span class='ocrx_word' id='word_1_202' title='bbox 72 2079 173 2135; x_wconf 88' lang='lat' dir='ltr'>lere</span> <span class='ocrx_word' id='word_1_203' title='bbox 200 2085 386 2151; x_wconf 74' lang='lat' dir='ltr'>voluir‚</span> <span class='ocrx_word' id='word_1_204' title='bbox 407 2104 514 2156; x_wconf 79' lang='lat' dir='ltr'>quae</span> <span class='ocrx_word' id='word_1_205' title='bbox 534 2101 769 2137; x_wconf 84' lang='lat' dir='ltr'>naturam</span> <span class='ocrx_word' id='word_1_206' title='bbox 797 2103 902 2135; x_wconf 89' lang='lat' dir='ltr'>non</span> <span class='ocrx_word' id='word_1_207' title='bbox 924 2099 1169 2136; x_wconf 88' lang='lat' dir='ltr'>euerteret</span> <span class='ocrx_word' id='word_1_208' title='bbox 1198 2081 1282 2137; x_wconf 90' lang='lat' dir='ltr'>sed</span> <span class='ocrx_word' id='word_1_209' title='bbox 1300 2082 1535 2142; x_wconf 85' lang='lat' dir='ltr'>seruaret.</span> 
     </span>
     <span class='ocr_line' id='line_1_28' title="bbox 71 2155 1536 2231; baseline 0.004 -21"><span class='ocrx_word' id='word_1_210' title='bbox 71 2156 224 2211; x_wconf 89' lang='lat' dir='ltr'>Adde</span> <span class='ocrx_word' id='word_1_211' title='bbox 259 2161 402 2231; x_wconf 84' lang='lat' dir='ltr'>quod</span> <span class='ocrx_word' id='word_1_212' title='bbox 449 2165 497 2212; x_wconf 89' lang='lat'><strong>&amp;</strong></span> <span class='ocrx_word' id='word_1_213' title='bbox 534 2163 586 2211; x_wconf 89' lang='lat' dir='ltr'>in</span> <span class='ocrx_word' id='word_1_214' title='bbox 628 2155 737 2231; x_wconf 84' lang='lat' dir='ltr'>ipso</span> <span class='ocrx_word' id='word_1_215' title='bbox 779 2162 1126 2230; x_wconf 81' lang='lat' dir='ltr'>generationis</span> <span class='ocrx_word' id='word_1_216' title='bbox 1162 2163 1275 2212; x_wconf 63' lang='lat' dir='ltr'>actu</span> <span class='ocrx_word' id='word_1_217' title='bbox 1316 2165 1367 2213; x_wconf 71' lang='grc' dir='ltr'>δε</span> <span class='ocrx_word' id='word_1_218' title='bbox 1413 2179 1536 2217; x_wconf 90' lang='lat' dir='ltr'>con-</span> 
     </span>
     <span class='ocr_line' id='line_1_29' title="bbox 69 2235 1535 2306; baseline 0.007 -23"><span class='ocrx_word' id='word_1_219' title='bbox 69 2237 305 2303; x_wconf 88' lang='lat' dir='ltr'>ceptione</span> <span class='ocrx_word' id='word_1_220' title='bbox 342 2236 555 2287; x_wconf 82' lang='lat' dir='ltr'>durante</span> <span class='ocrx_word' id='word_1_221' title='bbox 586 2248 819 2306; x_wconf 82' lang='lat' dir='ltr'>parentes</span> <span class='ocrx_word' id='word_1_222' title='bbox 845 2249 1052 2304; x_wconf 87' lang='lat' dir='ltr'>peccant</span> <span class='ocrx_word' id='word_1_223' title='bbox 1069 2276 1084 2300; x_wconf 81' lang='grc'>,</span> <span class='ocrx_word' id='word_1_224' title='bbox 1106 2238 1156 2287; x_wconf 87' lang='lat'>&amp;</span> <span class='ocrx_word' id='word_1_225' title='bbox 1175 2237 1350 2288; x_wconf 89' lang='lat' dir='ltr'>Deum</span> <span class='ocrx_word' id='word_1_226' title='bbox 1373 2235 1535 2294; x_wconf 80' lang='lat' dir='ltr'>offen-</span> 
     </span>
     <span class='ocr_line' id='line_1_30' title="bbox 0 2304 1535 2380; baseline 0.007 -24"><span class='ocrx_word' id='word_1_227' title='bbox 0 2377 2 2379; x_wconf 23' lang='lat'>·</span> <span class='ocrx_word' id='word_1_228' title='bbox 70 2304 274 2362; x_wconf 88' lang='lat' dir='ltr'>dunt.vt</span> <span class='ocrx_word' id='word_1_229' title='bbox 298 2313 404 2366; x_wconf 85' lang='lat' dir='ltr'>iure</span> <span class='ocrx_word' id='word_1_230' title='bbox 430 2313 624 2362; x_wconf 85' lang='lat' dir='ltr'>merito</span> <span class='ocrx_word' id='word_1_231' title='bbox 642 2327 731 2361; x_wconf 79' lang='lat' dir='ltr'>eos</span> <span class='ocrx_word' id='word_1_232' title='bbox 753 2325 1003 2380; x_wconf 85' lang='lat' dir='ltr'>quatenus</span> <span class='ocrx_word' id='word_1_233' title='bbox 1029 2306 1223 2364; x_wconf 71' lang='lat' dir='ltr'>sanctus</span> <span class='ocrx_word' id='word_1_234' title='bbox 1245 2312 1313 2364; x_wconf 92' lang='lat' dir='ltr'>est</span> <span class='ocrx_word' id='word_1_235' title='bbox 1337 2308 1535 2367; x_wconf 83' lang='lat' dir='ltr'>deserat</span> 
     </span>
     <span class='ocr_line' id='line_1_31' title="bbox 71 2382 1532 2457; baseline 0.008 -25"><span class='ocrx_word' id='word_1_236' title='bbox 71 2383 505 2457; x_wconf 79' lang='lat' dir='ltr'>&amp;-naturae‚quam</span> <span class='ocrx_word' id='word_1_237' title='bbox 527 2383 748 2457; x_wconf 75' lang='lat' dir='ltr'>benigue</span> <span class='ocrx_word' id='word_1_238' title='bbox 773 2382 1055 2451; x_wconf 78' lang='lat' dir='ltr'>conseruat,</span> <span class='ocrx_word' id='word_1_239' title='bbox 1070 2388 1396 2455; x_wconf 56' lang='lat' dir='ltr'>permittam</span> <span class='ocrx_word' id='word_1_240' title='bbox 1409 2405 1462 2440; x_wconf 83' lang='lat' dir='ltr'>ec</span> <span class='ocrx_word' id='word_1_241' title='bbox 1474 2392 1532 2444; x_wconf 87' lang='lat' dir='ltr'>in</span> 
     </span>
     <span class='ocr_line' id='line_1_32' title="bbox 71 2460 1529 2534; baseline 0.007 -29"><span class='ocrx_word' id='word_1_242' title='bbox 71 2472 250 2509; x_wconf 88' lang='lat' dir='ltr'>eorum</span> <span class='ocrx_word' id='word_1_243' title='bbox 266 2461 344 2511; x_wconf 87' lang='lat' dir='ltr'>vel</span> <span class='ocrx_word' id='word_1_244' title='bbox 363 2465 528 2533; x_wconf 87' lang='lat' dir='ltr'>operis</span> <span class='ocrx_word' id='word_1_245' title='bbox 541 2465 618 2513; x_wconf 89' lang='lat' dir='ltr'>cui</span> <span class='ocrx_word' id='word_1_246' title='bbox 640 2460 942 2513; x_wconf 84' lang='lat' dir='ltr'>incumbunt</span> <span class='ocrx_word' id='word_1_247' title='bbox 958 2462 1173 2533; x_wconf 81' lang='lat' dir='ltr'>gratiam</span> <span class='ocrx_word' id='word_1_248' title='bbox 1186 2461 1424 2534; x_wconf 81' lang='lat' dir='ltr'>dignetur</span> <span class='ocrx_word' id='word_1_249' title='bbox 1439 2482 1529 2515; x_wconf 87' lang='lat' dir='ltr'>na-</span> 
     </span>
     <span class='ocr_line' id='line_1_33' title="bbox 70 2531 1528 2611; baseline 0.005 -27"><span class='ocrx_word' id='word_1_250' title='bbox 70 2543 196 2606; x_wconf 78' lang='lat' dir='ltr'>turae</span> <span class='ocrx_word' id='word_1_251' title='bbox 211 2531 408 2611; x_wconf 55' lang='lat' dir='ltr'>cursum</span> <span class='ocrx_word' id='word_1_252' title='bbox 436 2536 686 2611; x_wconf 70' lang='lat' dir='ltr'>impedire</span> <span class='ocrx_word' id='word_1_253' title='bbox 715 2539 767 2611; x_wconf 83' lang='lat'>&amp;</span> <span class='ocrx_word' id='word_1_254' title='bbox 803 2534 940 2610; x_wconf 80' lang='lat' dir='ltr'>leges</span> <span class='ocrx_word' id='word_1_255' title='bbox 973 2533 1198 2609; x_wconf 83' lang='lat' dir='ltr'>refigere.</span> <span class='ocrx_word' id='word_1_256' title='bbox 1226 2538 1353 2608; x_wconf 88' lang='lat' dir='ltr'>quid</span> <span class='ocrx_word' id='word_1_257' title='bbox 1383 2539 1452 2595; x_wconf 89' lang='lat' dir='ltr'>est</span> <span class='ocrx_word' id='word_1_258' title='bbox 1471 2542 1528 2610; x_wconf 81' lang='lat' dir='ltr'>in</span> 
     </span>
     <span class='ocr_line' id='line_1_34' title="bbox 1091 2611 1285 2670; baseline -0.021 -1"><span class='ocrx_word' id='word_1_259' title='bbox 1091 2611 1195 2670; x_wconf 86' lang='lat' dir='ltr'>Nn</span> <span class='ocrx_word' id='word_1_260' title='bbox 1258 2631 1285 2666; x_wconf 87' lang='lat'>2</span> 
     </span>
    </p>
   </div>
  </div>
 </body>
</html>
