2018 2844
1186 144 1278 183 112
1988 175 2006 190 Ι

448 203 857 263 Melchisedecici
872 203 1182 279 dignitatem
1204 203 1302 260 effe
1330 199 1603 260 minorem·
1625 203 1920 280 Argu'meii-¹

451 297 566 337 tum
597 302 660 336 ex
684 281 756 335 'eo
794 283 935 336 ducit
958 319 981 347 ‚ff
1008 281 1150 354 quod
1177 278 1549 337 Melchisedeco
1572 280 1781 346 decimae
1803 281 1920 337 sunt

451 358 514 412 ab
539 355 1055 413 Abrahamosolutae.
1103 357 1261 430 Qod
1281 366 1337 412 vt
1357 356 1575 430 explicet
1591 396 1607 421 ‚
1631 371 1783 430 atque
1801 376 1918 430 pro-

452 431 585 487 ferat
612 437 666 485 in
686 433 882 500 lucem,
918 437 1364 507 comparationem
1393 433 1615 486 instituit
1637 435 1769 487 inter
1789 429 1920 488 Leui

453 513 510 563 δέ
540 508 970 564 Melchisedecum
1000 510 1177 563 habita
1206 513 1404 574 ratione
1432 511 1659 561 muneris
1693 506 1923 580 ipsorum

451 585 812 641 Sacerdotalis.
850 587 979 641 Leui
1009 580 1178 639 autem
1204 588 1419 638 nomine
1444 582 1743 638 Sacerdotes
1773 585 1924 638 Leui-

451 665 585 714 ticos
610 702 624 726 2
647 677 922 733 totumque
949 679 1128 713 eorum
1164 658 1509 714 sacerdotium
1541 659 1920 730 compleffltur.

453 738 510 790 Si
536 735 934 792 Melchisedecus
965 736 1187 789 decimas
1210 738 1403 808 accepit
1433 778 1447 804 ,
1473 739 1632 788 etiam
1656 734 1745 807 ipsi
1767 732 1924 789 sacer-

454 811 601 866 dotes
624 812 847 866 Leuitici
865 812 1087 882 decima}
1107 813 1442 884 accipiebant.
1489 815 1751 866 Ha6tenus
1768 813 1926 882 igitur

451 888 850 959 quodammodo
877 907 1020 961 pares
1042 903 1201 941 erant.
1218 887 1334 951 Sed
1354 902 1573 958 quatuor
1593 884 1832 939 obseruat
1854 886 1927 941 Α-

452 965 681 1036 postolus
705 963 1021 1018 differentias
1049 960 1477 1019 Melchisedecum
1503 960 1651 1034 supra
1679 962 1926 1014 Sacerdo-

450 1053 528 1092 tes
553 1041 843 1106 Leuitic03‚
866 1043 1094 1093 immane
1109 1053 1359 1111 quantum
1375 1077 1390 1103 ,
1413 1038 1735 1090 extollentes.
1751 1040 1925 1091 Prima

451 1115 550 1181 est,
574 1116 714 1189 quod
737 1116 814 1168 his
840 1115 1020 1168 datum
1037 1129 1145 1168 erat
1169 1113 1473 1167 mandatum
1491 1113 1771 1184 accipiendi
1790 1110 1925 1166 deci-

452 1208 562 1243 mas
582 1231 596 1257 ,
618 1190 735 1245 cum
754 1191 814 1244 de
830 1191 920 1244 illo
942 1191 1148 1244 nullum
1168 1205 1310 1242 extet
1330 1185 1584 1257 ejusmodi
1601 1189 1923 1242 mandatum.

452 1264 636 1321 Altera
653 1308 669 1333 ,
685 1266 828 1338 quod
848 1267 901 1319 hi
922 1268 1145 1319 decimas
1166 1265 1482 1336 accipiebant
1502 1265 1528 1318 a
1546 1261 1783 1317 fratribus
1805 1263 1924 1332 suis,

451 1341 649 1414 egressis
676 1342 907 1396 &lumbis
931 1341 1150 1396 Abrahae
1169 1382 1184 1407 ‚
1207 1358 1265 1393 ac
1288 1339 1502 1413 proinde
1532 1356 1712 1393 natura
1741 1344 1792 1393 δέ
1825 1344 1928 1393 ori-

451 1421 575 1488 gine
599 1419 686 1471 (ibi
711 1418 987 1491 aequalibus
1009 1441 1026 1481 3
1047 1417 1143 1469 Ille
1163 1420 1285 1471 vero
1305 1455 1319 1481 2
1347 1414 1465 1468 cum
1487 1433 1592 1467 non
1611 1413 1735 1468 effet
1756 1433 1818 1467 ex
1840 1433 1928 1468 eo-

448 1493 569 1545 dem
598 1512 781 1569 genere
797 1534 812 1559 ,
837 1493 1060 1546 decimas
1082 1494 1274 1563 accepit
1294 1531 1310 1556 2
1335 1510 1440 1543 non
1458 1489 1486 1541 a
1514 1491 1812 1544 Leuitarum
1830 1488 1930 1544 fra-

449 1569 612 1623 tribus
631 1610 645 1637 2
670 1567 753 1622 sed
773 1570 834 1622 ab
851 1566 962 1642 ipso
981 1587 1160 1622 eorum
1178 1584 1319 1639 patre
1335 1607 1350 1632 ,
1382 1564 1686 1620 Abrahamo
1701 1606 1716 1628 ,
1738 1564 1930 1621 haben-

450 1658 503 1698 te
521 1642 890 1715 promiffiones.
924 1644 1105 1715 ltaque
1120 1644 1172 1696 hi
1187 1643 1249 1694 ab
1264 1641 1566 1695 Abrahamo
1583 1640 1927 1697 sacerdotium

449 1737 509 1771 ac
528 1719 839 1792 dignitatem
872 1716 1013 1771 suam
1039 1734 1286 1789 tanquam
1312 1716 1449 1768 illius
1475 1716 1694 1769 haeredes
1726 1734 1935 1789 accepe⁴

448 1810 568 1847 runt
591 1817 608 1858 3
631 1795 725 1847 Ille
745 1792 885 1847 suam
902 1794 1108 1846 aliunde
1126 1793 1321 1846 habuit.
1361 1795 1431 1847 Hi
1456 1789 1595 1845 suam
1613 1811 1826 1845 omnem
1843 1795 1929 1846 be-

449 1870 804 1924 nedietionem
829 1888 984 1942 quam
1005 1867 1254 1940 *fratribus
1284 1870 1643 1940 impertierunt
1670 1868 1732 1920 ab
1762 1869 1926 1924 Abra-

449 1945 610 1998 hamo
627 1946 849 1998 habente
872 1943 1224 2018 promissiones
1244 1959 1510 1998 traxerunt
1531 1984 1545 2011 ‚
1576 1942 1671 1996 Ille
1699 1944 1821 1997 vero
1841 1944 1928 1997 be-

449 2022 804 2075 nedicitionem
833 2040 941 2073 non
967 2023 1160 2093 accepit
1186 2021 1249 2074 ab
1271 2018 1572 2073 Abrahamo
1591 2059 1605 2084 ,
1638 2016 1719 2071 sed
1744 2019 1927 2074 contra

448 2095 779 2152 Abrahamus
795 2096 857 2150 ab
873 2095 984 2168 ipso
1003 2137 1019 2163 ,
1042 2096 1162 2149 cum
1181 2113 1358 2149 tamen
1371 2096 1455 2148 hic
1477 2092 1827 2168 prorniffiones
1841 2097 1929 2149 ha-

445 2172 606 2225 beret.
650 2176 830 2227 Tertia
857 2213 872 2237 ,
899 2172 1042 2242 quod
1065 2172 1118 2224 hi
1139 2175 1394 2244 accipiant
1421 2172 1642 2225 decimas
1675 2187 1928 2243 tanquam

444 2248 687 2301 homines
708 2251 866 2301 morti
885 2250 1101 2316 obnoxij
1122 2289 1136 2315 ,
1161 2252 1226 2300 ac'
1243 2247 1457 2320 proinde
1475 2250 1545 2298 eis
1563 2262 1771 2318 egentes
1788 2287 1804 2313 ,
1831 2246 1928 2300 llle

444 2326 569 2378 vero
587 2341 836 2395 tanquam
852 2327 891 2374 is
909 2365 924 2390 ‚
948 2342 1101 2396 quem
1128 2325 1377 2396 perpetuo
1395 2325 1563 2379 viuere
1581 2361 1593 2385 2
1609 2319 1693 2376 scu
1713 2325 1926 2375 immor-

442 2398 604 2450 talem
627 2397 724 2451 effe
742 2402 1003 2470 Scriptura
1022 2400 1260 2455 testatur:
1288 2414 1344 2450 vt
1360 2415 1464 2449 non
1488 2400 1755 2469 potuerint
1776 2400 1822 2449 ei
1843 2397 1929 2450 de-

442 2476 586 2526 cimae
612 2473 720 2526 dari
745 2515 761 2540 ‚
807 2475 898 2526 nisi
934 2474 1248 2528 declarandae
1281 2476 1389 2542 ejus
1433 2472 1702 2547 dignitatis
1740 2475 1921 2546 gratia.

440 2552 643 2623 Qarta
670 2548 887 2626 denique
909 2550 1053 2626 quod
1083 2553 1247 2627 etiam
1273 2547 1379 2624 ipse
1401 2550 1526 2627 Leni
1549 2590 1564 2619 ,
1588 2552 1676 2624 qui
1701 2547 1924 2619 decimas
