2018 2844
0 2762 3 2844 i

190 91 283 147 DE
314 86 476 143 Ano.
517 111 543 141 E
583 86 789 143 Novo
819 90 1301 146 TasTAMENTO.
1408 98 1511 165 339¹

26 165 115 225 Nix·
130 163 288 211 doetus
304 161 380 206 fibi
398 162 493 208 satis
511 163 726 209 constare.
760 166 949 210 Dixerat
967 168 1080 209 enim
1110 163 1382 226 paragrapho
1398 183 1510 227 prae-

32 228 214 276 cedente
238 222 423 290 Aliquem
446 234 489 272 in
516 231 597 274 alio
611 243 776 292 peccare
796 246 850 274 ex
863 235 908 275 vi
934 231 1045 276 vocis
1057 229 1260 296 designare
1273 236 1508 294 imputatio-

20 287 116 338 bum
131 324 144 341 ‚
171 290 382 353 idemque
397 292 479 337 eise
493 298 536 337 in
550 295 637 337 alio
658 308 837 354 peccare
850 310 898 338 ac
912 309 1137 355 peccatum
1151 295 1258 339 alit-“1⁵
1270 298 1478 355 imputari
1494 327 1511 350 ,

5 379 9 383 ·
24 357 73 405 N
85 371 166 400 unc
180 357 270 402 vult
288 356 371 400 efle
383 355 572 407 diuersa;
590 363 632 402 &
650 361 771 417 prius
785 355 866 402 effe
879 373 1060 419 peccare
1073 362 1114 403 in
1134 359 1238 410 alio,
1257 359 1394 420 quam
1409 374 1512 421 pec-

27 433 175 466 catum
188 417 294 465 alifis
308 424 511 482 imputari
525 452 538 473 ,
554 419 733 479 hocque
747 436 958 482 tanquam
976 420 1203 481 posteriu5‚
1221 423 1326 468 illud
1343 421 1509 486 suppo-

2 483 3 487 ’
25 498 133 532 nere
149 499 389 545 ,tanquam
407 487 529 546 ptius
546 475 588 530 Sc
603 483 789 529 causam.
836 486 1015 531 Deinde
1040 484 1188 547 passim
1207 486 1396 533 inculcat
1409 502 1511 549 pec-

27 563 176 595 catum
193 549 355 593 Adami
369 547 568 595 nostrum
581 564 670 594 non
688 548 772 593 esse
783 547 860 593 nisi
876 552 1170 610 imputatione
1194 570 1205 597 :
1235 550 1349 595 vnde
1364 550 1509 611 sequi-

23 624 98 661 tur
123 643 138 665 ,
168 628 248 658 nos
274 614 316 656 in
340 612 515 675 Adamo
538 629 631 658 non
647 610 841 675 peccasse
857 611 933 657 nifi
949 616 1260 676 impUtatione.
1298 616 1512 660 Attamen

0 680 2 699 ⁵
25 692 144 724 nunc
169 677 263 723 vult
292 691 515 739 peccatum
532 676 690 723 Adatni
712 676 840 723 nobis
856 679 1088 738 imputari,
1113 682 1217 739 quia
1232 693 1312 723 nos
1330 680 1373 722 in
1388 677 1513 724 Ada-

26 757 106 786 mo
122 757 417 803 peccauimus.
464 741 716 799 Qomodo
731 756 873 787 autem
888 743 932 786 in
954 737 1133 788 Adam‘b
1149 744 1427 805 peccauimus
1440 773 1454 794 ,
1477 740 1509 787 fi

25 820 258 868 peccatum
273 806 432 851 Adami
458 805 656 852 nostrum
673 823 763 852 non
780 804 862 852 fuit
879 809 973 855 ?Vt
987 808 1120 869 igitur
1136 806 1257 867 prius
1272 809 1314 852 in
1330 805 1512 854 Adamo

0 888 6 899 ·
27 872 310 932 peccauimus
330 899 345 922 ‚
374 871 509 931 quam
533 873 625 916 eius
641 886 872 933 peccatum
890 871 1020 916 nobis
1037 869 1120 916 fuit
1142 874 1402 933 imputatum
1418 901 1432 922 ,
1451 869 1512 917 fic

26 933 153 996 ptius
172 932 367 980 nostrum
390 933 476 979 fuit
499 935 663 981 Adai-ni
680 949 911 997 peccatum
931 964 946 987 ,
969 934 1107 996 quam
1119 935 1246 979 nobis
1267 939 1323 978 im
1330 940 1513 995 putare-J

26 1009 116 1042 tur.
152 997 403 1060 Quomodo
414 1014 525 1062 crgo
544 997 693 1061 paffim
707 999 894 1044 inculcat
908 1000 1097 1045 nosttum
1114 1014 1205 1043 non
1224 996 1322 1049 effe,
1344 996 1419 1041 nifi
1437 1013 1514 1059 pet

26 1058 371 1119 imputationem
397 1067 418 1108 ἒ
440 1064 648 1123 Denique
675 1068 818 1114 Deus,
840 1065 1014 1124 inquit,
1043 1062 1279 1128 imputando
1295 1076 1512 1128 peccatum

22 1126 155 1170 ‘alicui
165 1127 358 1188 nonfacit
368 1140 420 1172 vt
421 1134 669 1191 peccauerit.
715 1129 762 1175 N
771 1144 829 1172 on
842 1125 945 1173 facit
960 1130 1091 1190 igitur
1108 1131 1234 1174 Deus
1249 1128 1512 1188 imputando

23 1188 231 1252 posteros
248 1192 782 1255 AdamieflepeccatoreS.
831 1193 957 1240 Nam
990 1206 1202 1254 peccator
1227 1207 1315 1237 non
1343 1188 1404 1235 est
1431 1191 1511 1252 qui

0 1269 120 1308 finon
145 1258 359 1316 peccauit.
417 1256 671 1318 Qomodo
699 1271 809 1316 ergo
843 1256 949 1300 dicit
973 1259 1056 1304 Vir
1086 1254 1249 1301 docstus
1277 1269 1512 1315 peccatum

15 1316 223 1374 'hetuale
234 1318 397 1365 Adami
402 1326 621 1386 propagari
630 1325 742 1384 impu
750 1324 900 1366 tatione
914 1349 927 1371 ,
940 1333 1021 1364 nos
1035 1317 1336 1364 inobedientia
1349 1317 1515 1363 Adami

27 1382 238 1428 constitui
261 1397 516 1444 peccatores
542 1390 807 1448 imputatione
835 1394 850 1430 Ξ
883 1388 991 1431 Vno
1013 1383 1150 1430 verbo
1166 1413 1181 1436 ‚
1209 1381 1239 1428 fi
1257 1396 1514 1444 peccatores

26 1447 172 1493 sumus
193 1460 432 1508 antequam
459 1450 584 1494 Deus
608 1449 734 1493 nobis
747 1455 935 1511 imputet
951 1461 1177 1511 peccatum
1195 1447 1359 1493 Adami
1373 1470 1388 1496 5
1407 1460 1513 1507 pec-

28 1524 178 1556 catum
189 1513 353 1558 Adami
368 1528 458 1557 non
477 1514 643 1558 introiit
658 1516 702 1558 in
716 1513 929 1562 mundum
946 1515 1233 1573 imputatione
1245 1541 1260 1564 ‚
1275 1508 1346 1555 sed
1364 1510 1519 1570 impu·.

27 1577 142 1635 tatio
157 1577 386 1624 introitum
400 1576 524 1623 illum
539 1575 758 1639 sequitur..
774 1576 817 1623 id
833 1576 960 1639 quod
974 1575 1080 1623 mihi
1103 1590 1194 1622 erat
1212 1573 1513 1638 probandum.

32 1683 37 1687 “
109 1674 318 1729 Deinde
339 1691 396 1731 tu
418 1681 494 1733 vis
516 1697 698 1734 omnes
717 1673 939 1752 peccasse
970 1680 1025 1730 in
1048 1674 1278 1731 Adamo.
1343 1671 1513 1728 Dabis

31 1750 208 1806 {tutem
232 1748 380 1808 fuisse
404 1757 460 1806 in
486 1754 699 1810 Adamo
723 1752 998 1826 quomodo
1020 1754 1074 1804 in
1100 1750 1311 1805 Adamo
1335 1765 1511 1818 pecca-

0 1841 1 1882 ἲ
33 1842 222 1881 uerunt
246 1847 257 1876 τ
282 1828 420 1898 prius
439 1834 583 1884 enim
612 1831 683 1885 est
702 1826 801 1883 effe
828 1828 987 1899 quam
1007 1844 1157 1898 agere
1179 1824 1262 1879 vel
1283 1839 1510 1893 peccare.

0 1918 1 1932 ¹
33 1899 314 1958 Fuimusne
339 1901 465 1975 ergo
487 1909 542 1956 in
569 1904 782 1959 Adamo
800 1905 1148 1975 imputatione
1169 1906 1213 1948 «ἱέ
1231 1894 1328 1951 effe
1353 1900 1463 1950 eius
1490 1903 1513 1954 ?

0 1972 1 1999 ¹
34 1978 251 2051 negabis
263 1977 606 2050 proculdubib
631 2020 647 2046 ,
667 1998 755 2032 cur
777 1996 902 2052 ergo
922 1979 998 2032 vis
1021 1994 1115 2030 nos
1130 1977 1184 2028 in
1206 1991 1269 2026 eo
1293 1969 1513 2045 peccaffe

33 2054 388 2125 imputatione
410 2062 454 2110 effi
481 2054 885 2128 peccareipfius?
1021 2123 1024 2130 ,
1240 2104 1241 2107 ,

125 2133 283 2187 Dices
296 2129 652 2189 fortaffeistud
676 2149 881 2204 peccare
907 2148 1016 2183 non
1037 2126 1317 2203 significare
1340 2145 1513 2201 pecca-

39 2217 156 2260 tum
178 2211 441 2281 imputari.
486 2211 624 2264 Hinc
641 2205 862 2261 inferam
877 2248 894 2274 ,
913 2209 1071 2280 igitur
1090 2200 1312 2278 peccasse
1332 2218 1516 2256 omnes

39 2297 254 2352 peccato
275 2285 491 2350 actuali,
524 2303 634 2337 non
664 2286 786 2356 quia
810 2282 925 2355 ipsis
958 2285 1267 2355 imputetur,
1291 2276 1380 2333 sed
1411 2279 1517 2332 alio

10 2421 13 2424 ¹
40 2358 211 2412 modo
233 2400 250 2427 ,
268 2380 425 2434 quem
451 2361 580 2416 mihi
600 2358 629 2413 ὲ
652 2375 704 2413 te
734 2359 980 2431 explicari
1010 2360 1164 2430 cupio
1182 2396 1199 2422 ,
1239 2359 1327 2428 qui
1358 2357 1517 2407 toties

30 2445 205 2510 ..Pegas
218 2440 489 2507 peccatum
506 2435 702 2491 aCtuale
722 2433 916 2491 Adami
934 2427 1273 2488 nostrumeffe
1285 2429 1388 2482 aiio
1402 2448 1517 2484 mo—

41 2508 118 2584 ’ςὶρ
149 2513 309 2586 quam
328 2516 874 2591 pet·imputat-‚ionem·¹
931 2509 1034 2568 Sed
1055 2504 1296 2583 practerea
1321 2524 1520 2580 quaer0,
