2018 2844
772 152 862 208 135

89 214 204 271 fieus
222 209 379 268 habet
398 207 748 266 neceffitatem
766 207 1023 264 moriendi
1051 227 1144 282 pro
1168 209 1458 268 necestitate
1480 215 1557 271 su.

89 287 279 345 beundi
303 307 513 362 poenam
533 329 548 355 ‚
577 305 682 341 non
697 300 874 339 autem
889 304 983 359 pro
1002 281 1203 359 sequela
1223 292 1275 343 &
1295 290 1557 345 conditio-

89 384 154 420 ne
171 379 379 419 natutae.
412 366 586 419 Docet
611 365 753 415 enim
786 361 1051 417 Adamum
1071 403 1087 428 ,
1112 361 1146 415 fi
1164 382 1271 417 non
1298 363 1562 437 peccasset,

92 460 202 496 non
222 437 366 495 fuiffe
387 442 715 493 moriturum.
757 459 806 499 4.
832 438 980 512 poemir
1004 438 1175 490 aetermi
1199 441 1409 513 infimtes
1441 445 1562 497 vllos

25 584 28 585 ⁷
93 516 309 570 damnari
327 513 562 587 negabant
577 554 593 576 ,
627 532 702 566 eas
723 519 883 590 quippe
901 533 993 566 non
1013 513 1200 565 aliunde
1221 511 1361 586 quim
1381 537 1443 571 ex
1450 535 1559 593 pro-

83 590 193 668 pria⁶
219 589 561 668 ‘uniuscujusque
589 593 818 665 injustitia
828 592 1082 662 prouenire.
1137 587 1348 643 Placeus
1372 593 1427 645 id
1450 613 1561 649 non

94 681 251 741 negat
274 710 289 736 ‚
311 672 501 739 quippe
524 669 613 737 qui
639 665 760 719 sciat
786 682 967 737 poenas
990 680 1198 717 aeternas
1218 669 1378 720 etiam
1401 686 1464 721 ex
1486 673 1563 725 in-

95 759 220 795 nata
237 743 485 813 injustitia
507 745 793 814 prouenire.
825 743 1065 811 Denique
1084 743 1259 794 nullam
1277 747 1562 821 omninopoe-

13 852 17 856 -
93 835 206 870 nam
227 833 412 893 propter
441 818 551 869 Adae
572 833 807 892 peccatum
827 817 1011 891 postem
1044 821 1240 889 irrogari
1256 833 1567 891 putauerunt:

97 892 307 947 Placeus
321 908 501 948 contra
527 894 753 965 aliquam
780 909 995 965 poenam
1017 907 1226 964 propter
1241 893 1369 947 Adae
1392 913 1567 964 pecca-

101 982 217 1021 tum
243 971 449 1041 posteris
467 972 682 1041 irrogari
701 980 874 1041 putat,
901 984 1085 1039 nempe
1103 982 1346 1021 mortem.
1383 970 1564 1042 Itaque

100 1044 505 1114 imputationem
546 1044 781 1116 agnoscit
809 1043 1167 1096 immediatam
1202 1048 1396 1115 peccati
1437 1044 1565 1102 Adae

100 1116 375 1178 habitualis
400 1122 673 1192 propagati
701 1138 760 1173 ac
785 1123 917 1171 intra
940 1136 1035 1170 nos
1062 1118 1324 1171 existentis
1346 1160 1362 1185 ,
1387 1124 1439 1175 &
1462 1141 1568 1175 me-

98 1191 297 1246 diatam
324 1199 517 1267 peccati
551 1194 681 1249 Adae
711 1192 920 1250 aetuans
938 1208 1083 1246 extra
1105 1212 1202 1264 nos>
1222 1194 1349 1248 olim
1373 1199 1568 1267 produ-

101 1270 187 1322 θεῖ.
218 1269 378 1327 Vides
401 1273 586 1342 igitur,
615 1270 829 1335 Leestor³
853 1266 1096 1323 Placeum
1121 1268 1264 1321 nullo
1286 1271 1448 1324 modo
1471 1271 1570 1327 effe

100 1344 472 1417 pelagianum:
506 1345 767 1421 Qorsum
797 1362 922 1417 ergo
938 1345 1008 1398 D.
1028 1348 1094 1399 G.
1118 1342 1351 1397 hocloco
1368 1351 1568 1417 patien-

101 1421 177 1471 tia
195 1419 398 1475 ledtoris
421 1421 483 1474 ad
506 1423 556 1473 id
574 1421 900 1493 probandum
922 1419 1063 1491 quod
1083 1437 1238 1472 nemo
1266 1437 1420 1493 negat
1435 1463 1450 1489 ‚
1471 1427 1568 1477 Pe-

99 1492 296 1567 lagium
324 1493 523 1569 negasse
549 1499 953 1567 imputationem
976 1497 1166 1564 peccati
1195 1494 1388 1548 Adami
1410 1536 1424 1562 ,
1447 1499 1571 1552 abu-

99 1572 227 1624 titur
248 1611 264 1637 ,
294 1572 498 1643 ejusque
519 1590 711 1625 errores
733 1583 1000 1626 enumerat
1019 1608 1034 1634 ,
1067 1568 1203 1642 quast
1226 1568 1434 1625 illorum
1458 1573 1571 1628 Pla-

99 1664 215 1700 ceus
233 1644 356 1700 esset
375 1649 628 1719 particeps
646 1654 667 1704 ?

177 1722 397 1775 Interim
416 1724 533 1794 quia
558 1721 725 1774 obiter
744 1719 918 1773 laudat
935 1738 996 1773 ex
1013 1717 1165 1793 Augu
1175 1718 1287 1772 stini
1305 1740 1459 1795 opere
1473 1727 1570 1780 im.

92 1797 331 1869 perfeeto
354 1814 534 1851 contra
556 1795 831 1851 secundam
861 1795 1049 1848 Iuliani
1072 1794 1453 1867 responsionem
1470 1801 1572 1855 Lu-

100 1876 237 1929 tetiae
266 1873 409 1926 edito
434 1891 571 1925 anno
602 1873 752 1941 hujus
778 1869 941 1924 saeculi
963 1869 1170 1924 decimo
1197 1867 1418 1943 septimo
1441 1916 1457 1942 ‚
1493 1876 1573 1929 lo-

103 1968 221 2003 cum
235 1990 251 2015 ,
271 1951 381 2024 Qi
396 1987 409 2007 ,
432 1950 598 2018 inquit
615 1988 630 2013 ,
655 1948 743 1999 vel
754 1947 880 2019 solus
902 1986 916 2008 ,
934 1947 992 2015 st
1005 1948 1124 1998 alius
1143 1964 1233 1998 non
1251 1963 1435 2002 extaret
1451 1953 1578 2025 apud

103 2026 412 2096 Augustinum
426 2021 563 2092 ,βιτιὲ
581 2024 707 2075 docet
717 2021 901 2094 quidde
919 2021 1004 2073 hac
1020 2027 1320 2096 imputatione
1336 2023 1394 2084 ό·
1408 2031 1497 2100 ipſs
1513 2025 1574 2086 &⁴

103 2101 297 2169 Ecclefia
332 2094 567 2151 catholica
578 2097 775 2170 ſsnſsrit
792 2138 817 2159 ,t
839 2115 967 2162 eum,
991 2098 1165 2151 locum
1203 2096 1568 2170 inspiciamus:

104 2171 591 2250 Augustinusenim‚
605 2172 638 2226 fi
653 2173 740 2227 fibi
753 2173 946 2227 constat
960 2213 974 2238 ‚
987 2188 1128 2225 totus
1144 2174 1311 2227 noster
1331 2177 1414 2229 est.
1427 2177 1577 2253 Qfd

99 2255 164 2322 est
184 2271 288 2324 ergo
303 2251 428 2325 quod
445 2250 616 2303 clamas·
643 2246 700 2307 ὠ
721 2249 940 2302 α’ὶεὼηοη
952 2245 1068 2321 poffe
1085 2259 1236 2303 Deum
1263 2246 1573 2309 &ds-'mutere

96 2344 277 2399 peccata
312 2323 560 2403 majombus
582 2340 767 2399 prepter
773 2329 958 2399 propria
980 2363 994 2384 ‚
1031 2320 1089 2381 ά
1123 2326 1347 2398 imputare
1361 2329 1574 2399 paruulis

105 2403 268 2455 aliena.
298 2402 562 2477 (Videtur
580 2406 630 2454 &
648 2400 863 2453 delenda
883 2413 1176 2474 voxpropter
1197 2402 1391 2454 inutilis
1412 2420 1476 2454 eo
1498 2402 1576 2456 lo-

106 2492 170 2528 co
187 2480 237 2529 &
261 2476 596 2532 incommoda
614 2516 629 2541 ,
654 2480 707 2530 &
732 2474 980 2530 sententia
1005 2474 1110 2527 alio
1132 2476 1363 2546 quodam
1381 2477 1574 2530 mendo

104 2547 484 2630 *laborateNo‘n
501 2552 703 2629 dicebat
719 2556 859 2629 enim
882 2551 1107 2629 Iulianus
1122 2554 1299 2608 Deum
1315 2571 1419 2609 nou
1433 2550 1576 2627 posse

1146 2631 1197 2686 X
1229 2645 1254 2680 2
