2018 2844
455 102 570 175 410⁸
831 94 1000 157 Masi}
1061 101 1252 154 Posi-⁴
1293 94 1457 156 *Cae-⁴
1497 99 1611 157 XI.

448 175 750 254 principales
774 195 783 227 :
807 178 875 232 Et
891 174 1136 248 quicquid
1152 171 1225 228 fui
1239 216 1253 239 ,
1272 173 1391 229 cum
1408 172 1631 229 nascerer
1648 216 1663 243 2
1676 173 1729 230 id
1745 173 1927 230 totuffi

447 253 725 310 secundum
757 255 933 306 Deum
975 253 1225 323 proximis
1257 254 1385 304 meis
1425 251 1714 323 parentibus
1754 251 1927 304 debeo-

447 330 684 404 proxime
701 330 835 395 ,auis
850 330 978 381 meis
996 325 1227 387 remote,
1242 330 1444 399 proauis
1456 325 1705 380 remotius
1721 327 1921 393 ,abauis
1979 372 1982 379 ,
2017 319 2018 383 Ξ

451 410 505 461 &
525 408 685 460 atauis
705 403 869 457 adhuc
882 402 1130 457 remotius
1150 436 1167 470 ,ι
1183 401 1388 457 Adamo
1401 406 1639 456 omnium
1651 401 1920 457 remotiffi-
1980 404 1986 453 J
2017 400 2018 455 ζ

445 482 547 537 me.
591 483 646 536 Si
667 482 824 552 igitur
845 477 1037 533 fuimus
1062 482 1115 531 in
1137 478 1250 549 alijs
1265 479 1449 536 nostris
1463 479 1756 552 parentibus
1770 477 1920 550 eque,
1983 488 1990 496 '

443 571 531 612 aut
555 560 714 610 etiam
739 558 941 627 magis,
965 553 1121 627 quam
1141 556 1194 607 in
1217 550 1427 610 Adamo
1458 593 1476 622 2
1501 555 1619 608 hinc
1637 553 1671 608 fi
1702 552 1920 609 efficitur

445 635 725 706 imputatio
759 633 953 702 peccati
985 631 1193 685 aetuans
1225 630 1419 686 Adami
1446 669 1461 696 ‚
1493 627 1710 686 efficitur
1736 630 1929 685 eadem·
1987 649 1993 698 ζ

444 709 603 782 opera
624 747 640 773 2
662 722 719 763 vt
743 706 961 760 debeant
991 706 1203 778 posteris
1227 710 1387 761 etiam
1404 705 1720 780 reliquorum
1745 724 1922 779 paren-
1988 703 1993 735 ³

440 796 554 838 tum
583 796 783 857 peccata
804 785 1048 855 imputari
1086 805 1102 847 ς
1134 783 1275 856 quod
1298 781 1483 854 tuipse
1513 780 1749 856 agnoscis
1770 781 1919 855 Apo·
1990 801 1992 806 ·

440 859 572 913 stolo
595 877 878 934 repugnare
896 898 911 923 2
937 877 1097 918 vnum
1124 859 1395 914 hominem
1416 899 1432 926 ,
1456 875 1615 915 vnum
1648 874 1927 932 peccatum*

441 936 734 990 inculcanti.
795 937 906 991 Cur
938 953 1063 1008 ergo
1089 938 1263 989 Patres
1293 936 1472 989 dicunt
1503 953 1598 989 nos
1619 937 1674 986 in
1701 932 1914 989 Adamo
1988 933 1993 996 J

438 1008 587 1064 fuisse
618 1017 639 1069 ἒ
673 1029 859 1083 nempe
888 1024 944 1065 vt
976 1010 1328 1083 intelligamus
1349 1014 1540 1063 mirum
1569 1027 1677 1062 non
1696 1005 1795 1063 esse
1815 1049 1832 1075 ,
1859 1007 1916 1075 fi,

437 1103 555 1142 cum
576 1087 639 1141 ab
657 1106 720 1140 eo
735 1088 1043 1139 traxerimus
1066 1100 1301 1141 naturam
1318 1127 1334 1153 ,
1359 1087 1663 1140 traxerimus
1686 1102 1806 1138 cum
1827 1102 1918 1138 na-
1996 1122 1998 1124 ψ

436 1175 550 1215 tura
573 1165 732 1219 etiam
752 1162 954 1216 vitium.
985 1164 1262 1216 Traximus
1285 1177 1459 1216 autem
1487 1160 1550 1214 ab
1567 1179 1632 1213 eo
1651 1163 1836 1215 vitium
1860 1164 1915 1215 δε
1952 1164 1954 1167 ’

434 1240 550 1307 vitij
581 1234 868 1292 subiedtum
889 1252 1125 1291 naturam
1157 1279 1174 1305 ,
1203 1257 1312 1291 non
1331 1235 1635 1292 immediate
1654 1278 1670 1304 ,
1695 1228 1780 1290 sed
1800 1235 1915 1307 alijs

432 1314 616 1368 nostris
639 1312 934 1385 parentibus
955 1312 1318 1367 mediantibus.
1377 1315 1515 1369 Hinc
1534 1311 1665 1365 mihi
1691 1309 1915 1366 nascitur

433 1403 614 1441 contra
634 1404 779 1442 tuam
803 1386 1111 1441 sententiam
1130 1406 1328 1442 nouum
1348 1400 1740 1461 argumentumr
1769 1385 1918 1441 Nam

436 1466 644 1535 quinon
659 1461 851 1517 fuimus
863 1467 917 1516 in
934 1461 1146 1518 Adamo
1167 1462 1470 1519 immediate
1486 1466 1538 1516 &
1552 1460 1791 1535 proxime
1803 1480 1914 1515 non

433 1541 697 1611 potuimus
722 1542 777 1592 in
801 1558 865 1592 eo
885 1538 1188 1594 immediate
1222 1544 1275 1594 δε
1301 1538 1538 1612 proxime
1561 1554 1767 1611 peccare
1789 1577 1806 1603 2
1828 1533 1915 1591 sed

431 1614 781 1669 mediantibus
802 1615 1056 1669 duntaxat
1079 1614 1456 1686 omnibus—alijs
1484 1614 1667 1670 nostris
1691 1616 1914 1686 parenti-

431 1688 542 1742 bus.
591 1689 843 1746 Attamen
859 1731 873 1752 ‚
896 1690 931 1744 fi
949 1709 1066 1744 vera
1082 1705 1170 1744 tua
1190 1692 1261 1746 est
1281 1688 1532 1744 sententia
1546 1729 1564 1755 ,
1582 1692 1639 1740 in
1655 1707 1720 1740 eo
1740 1706 1911 1761 pecca-

430 1767 599 1819 uimus
615 1766 937 1820 immediate.
955 1768 1090 1820 Tam
1101 1770 1240 1819 euim
1257 1764 1496 1839 proxime
1507 1763 1660 1819 nobis
1676 1765 1783 1817 eius
1795 1781 1911 1836 pec-

429 1854 602 1894 catum
626 1845 855 1914 primum
877 1840 1073 1895 aetuale
1094 1845 1378 1914 imputatur
1406 1882 1423 1908 ‚
1453 1841 1610 1914 quam
1629 1836 1721 1911 ipfi
1743 1841 1911 1912 impu-

431 1928 600 1970 tatum
622 1917 691 1971 est
707 1957 724 1983 ,
745 1932 856 1970 tam
878 1913 1060 1971 saltem
1086 1957 1103 1984 ,
1127 1918 1284 1989 quam
1306 1917 1488 1972 nostris
1508 1914 1804 1990 parentibus
1831 1917 1911 1985 in-⁴

431 1992 713 2061 termedijS.

494 2069 704 2123 Deinde
721 2087 892 2140 quaero
906 2108 921 2135 2
934 2067 1054 2122 cum
1066 2067 1285 2123 dicimur
1299 2064 1444 2123 fuiffe
1460 2066 1516 2120 in
1532 2066 1743 2124 Adamo
1759 2109 1774 2136 ,
1786 2085 1909 2140 qua-

429 2140 493 2194 lis
514 2161 572 2195 ea
592 2142 789 2198 locutio
813 2143 871 2197 fit
897 2186 913 2211 ‚
943 2147 1151 2217 propria
1182 2185 1197 2211 ,
1227 2164 1291 2198 an
1315 2147 1600 2217 impropria
1638 2151 1661 2204 ἒ
1691 2147 1907 2216 ProprIa

429 2213 526 2271 esse
539 2237 645 2271 non
660 2219 823 2292 potest
837 2259 853 2286 2
868 2219 957 2272 nisi
971 2221 1095 2274 velis
1107 2217 1402 2275 falsumeffe
1414 2222 1641 2293 primum
1655 2218 1783 2274 illud
1794 2236 1907 2273 om-

427 2294 507 2345 nis
530 2297 944 2348 ratiocinationis
965 2298 1305 2368 principium,
1325 2294 1586 2372 impoſsibile
1607 2292 1904 2366 cststmuleffi

428 2364 486 2425 ἀ
507 2388 595 2421 non
615 2369 707 2441 cffi-
748 2371 961 2443 Proprie
975 2374 1122 2425 enim
1142 2371 1406 2446 loquendo
1425 2388 1549 2426 tunc
1576 2412 1595 2440 ‚
1616 2371 1733 2425 cum
1758 2370 1900 2426 Ada-

428 2459 545 2496 mus
562 2449 788 2516 peccauit
805 2489 820 2513 ,
837 2444 1098 2501 fuissemus
1112 2489 1128 2516 ,
1141 2451 1193 2503 &
1210 2468 1316 2502 non
1336 2446 1595 2504 fuiffemus
1606 2469 1625 2512 3
1637 2465 1744 2519 quae
1757 2463 1901 2520 aper-

426 2529 481 2590 ta
498 2520 568 2594 est
586 2522 1012 2600 gontradictionIs
1028 2527 1351 2602 implieatiog·-
1394 2520 1671 2601 {uiffemus
1692 2519 1900 2599 proprie.

1531 2594 1553 2597 „-
1610 2594 1614 2599 ,
1621 2592 1656 2600 ἢ»

2007 1379 2011 1388 0

2008 1413 2011 1430 t
