2018 2844
105 215 320 272 dentem
342 208 428 269 seu
453 211 812 267 immediatam
835 231 922 285 per
941 209 992 267 se
1014 212 1176 288 ipsam
1200 211 1405 286 probari
1429 215 1573 271 nullo

105 292 269 347 modo
300 288 438 365 posse
454 328 471 354 ,
494 289 666 343 statim
693 286 940 362 digressus
963 290 1032 346 est
1051 290 1178 344 totis
1200 305 1422 363 quatuor
1436 298 1575 365 capi-

103 368 241 422 tibus
276 385 352 422 1v.
375 384 423 422 v.
449 383 529 419 vr.
549 383 658 420 vn.
678 377 735 417 vt
756 364 996 436 probaret
1015 368 1070 419 in
1092 383 1280 440 genere
1301 406 1319 434 ‚
1347 369 1572 441 imputa-

100 445 308 496 tionem
341 439 497 496 alieni
531 442 723 513 peccati
756 439 999 508 injustam
1030 460 1141 496 non
1177 438 1293 495 esse.
1335 442 1400 498 Id
1428 446 1572 515 quod

102 515 330 590 primum
350 534 457 570 non
481 530 589 569 tam
610 518 959 588 argumentari
989 516 1059 570 est
1078 514 1237 590 quim
1262 513 1570 590 respondere

103 591 437 667 Argumento
454 631 469 659 ‚
501 609 605 663 quo
635 593 917 664 imputatio
941 592 1244 646 antecedens
1264 595 1418 663 primi
1439 594 1570 650 Adae

102 673 297 740 peccati
312 673 644 742 impugnat-ur
660 707 675 733 ‚
701 686 764 720 ex
787 684 850 720 eo
864 666 1017 720 ducto
1041 667 1314 740 ,quodilla
1335 669 1575 728 videatur

101 761 223 798 cum
237 746 427 814 justitia
443 760 689 816 pugnare.
717 741 925 798 Deinde
942 741 997 796 id
1010 743 1196 815 probat
1207 743 1348 817 quod
1361 744 1572 803 Placeus

98 837 210 873 non
230 833 403 893 negat.
447 821 554 894 Q
589 821 729 872 enim
762 821 1169 890 imputationem
1203 817 1435 894 agnoscit
1457 840 1574 894 pec.

100 898 201 948 cati
222 896 374 950 alieni
397 900 681 948 mediatam
699 890 784 947 seu
806 891 1208 965 consequentem
1230 936 1245 962 ,
1278 899 1321 946 is
1340 899 1474 952 certe
1497 897 1571 952 fa-

98 983 237 1025 tetur
257 972 484 1044 aliquam
507 972 912 1042 imputationem
933 969 1088 1023 alieni
1112 974 1305 1043 peccati
1327 972 1570 1040 injustam

100 1063 209 1098 non
232 1044 346 1100 esse.
407 1045 536 1101 Non
557 1047 716 1119 igitur
746 1046 802 1097 in
825 1062 1010 1116 genere
1030 1046 1357 1119 probandum
1382 1047 1437 1101 id
1459 1066 1569 1103 erat

99 1118 165 1173 de
191 1121 341 1174 alieni
372 1124 567 1193 peccati
602 1124 992 1193 imputatione3
1027 1123 1224 1177 constat
1245 1126 1385 1177 enim
1414 1128 1465 1179 &
1490 1128 1568 1179 iu·

102 1195 229 1250 stam
251 1198 558 1252 &iniustam
581 1193 678 1251 effe
701 1195 926 1267 aliquam
944 1194 1116 1269 poffe3
1145 1196 1298 1251 sedin
1322 1197 1487 1272 specie
1504 1201 1569 1254 de

101 1269 192 1323 tali
217 1274 568 1344 Imputatione
585 1311 601 1338 ,
634 1270 795 1343 qualis
818 1276 1028 1342 ponitur
1051 1270 1439 1345 effeimputatio
1455 1295 1570 1349 pec-

99 1349 200 1399 cati
222 1345 414 1403 Adami
431 1346 737 1400 antecedens
754 1344 836 1400 seu
850 1347 1169 1401 immediata·
1221 1348 1286 1403 Id
1301 1350 1441 1422 quod
1451 1370 1569 1424 pro-

100 1418 242 1478 fecto
262 1423 480 1496 probatu
500 1420 699 1494 prorsus
723 1420 1028 1495 impoffibile
1049 1424 1136 1478 est.
1189 1425 1292 1479 Sed
1320 1429 1569 1499 quicquid

99 1495 160 1550 sit
177 1537 194 1564 ‚
220 1516 357 1553 nunc
374 1500 517 1552 enim
534 1497 661 1551 mihi
681 1516 789 1550 non
804 1498 932 1550 libet
944 1515 1063 1553 cum
1078 1502 1192 1553 viro
1216 1501 1374 1554 docto
1390 1520 1569 1557 excur-

100 1589 239 1640 rere,
263 1574 371 1629 haec
393 1572 532 1627 nulla
552 1573 623 1627 est
640 1568 1008 1644 consequentia
1033 1593 1044 1625 :
1072 1572 1266 1646 Aliqua
1281 1577 1566 1649 imputatio

99 1647 255 1701 alieni
278 1652 473 1721 peccati
493 1667 602 1701 non
622 1648 693 1702 est
718 1648 932 1717 injusta,
962 1649 1104 1721 Ergo
1130 1653 1355 1721 primum
1388 1670 1565 1724 pecca-

96 1736 212 1776 tum
228 1722 425 1779 actuale
442 1722 636 1779 Adami
652 1723 892 1778 omnibus
903 1726 1010 1794 ejus
1026 1724 1235 1798 posteris
1261 1728 1566 1798 imputatur,

99 1801 153 1852 &
181 1800 391 1871 quidem
407 1801 755 1874 imputatione
781 1804 1171 1873 corruptionem
1193 1800 1569 1861 haereditariam

96 1874 447 1939 antecedente.
509 1874 639 1929 Non
668 1878 810 1929 enim
831 1894 894 1930 ex
919 1876 1013 1930 illo
1034 1877 1369 1930 antecedente
1390 1879 1568 1933 conse-

96 1953 272 2020 quitur
292 1953 458 2026 magis
485 1950 602 2003 talis
621 1954 812 2024 peccati
834 1991 851 2017 ,
871 1970 1056 2024 nempe
1083 1955 1236 2024 primi
1256 1954 1466 2008 actualis
1492 1956 1567 2011 A-

96 2024 237 2078 dami
251 2066 268 2092 ,
290 2026 408 2080 talis
437 2028 714 2099 imputatio
731 2067 748 2094 ,
768 2029 1019 2082 nimirum
1039 2027 1371 2095 antecedenS,
1403 2035 1565 2103 quam

95 2098 314 2168 cujusuis
336 2101 463 2156 alius
490 2102 682 2174 peccati
703 2102 855 2157 alieni
877 2142 894 2169 ‚
913 2103 1013 2159 fiue
1031 2104 1181 2177 ipsius
1208 2104 1403 2160 Adami
1423 2148 1439 2175 ,
1463 2107 1564 2163 siue

95 2174 318 2233 aliorum
331 2177 746 2233 patriarcharum
759 2179 1002 2250 quaelibet
1016 2184 1314 2254 imputatio,

151 2248 299 2308 Miffa
321 2256 481 2329 igitur
503 2251 589 2306 illa
610 2253 913 2327 digressione
934 2273 1043 2330 cap.
1069 2275 1212 2311 vm.
1236 2257 1563 2329 Argumenta

89 2330 327 2399 quaedam
343 2326 541 2404 profert
573 2347 637 2382 ex
669 2345 779 2402 cap.
805 2349 854 2383 v.
891 2330 988 2405 Ep.
1018 2330 1083 2386 ad
1097 2335 1253 2388 Rom.
1279 2331 1377 2395 521ss
1403 2355 1480 2390 12.
1503 2342 1556 2393 &

91 2400 229 2475 seqq.
275 2405 378 2460 Sed
391 2425 451 2460 ea
472 2420 776 2480 argumenta
795 2425 903 2460 non
917 2407 1134 2481 probare
1147 2408 1239 2463 nisi
1254 2411 1559 2482 imputatio-

92 2493 216 2530 nem
231 2518 247 2543 ,
267 2499 375 2552 quae
401 2484 791 2553 corruptionem
811 2482 1184 2539 haereditariam
1211 2485 1562 2559 consequitur,

84 2551 326 2632 Primum
348 2553 562 2636 ipsemet
582 2554 775 2636 fatetur
792 2599 808 2626 ,
835 2577 944 2635 cap·
972 2563 1022 2618 8.
1048 2568 1094 2629 §.
1123 2581 1165 2634 3.
1189 2581 1237 2634 p.
1259 2581 1326 2616 20
1341 2573 1387 2621 6.
1404 2568 1455 2619 δε
1471 2565 1564 2618 ali.

1144 2640 1191 2696 K
1224 2656 1248 2691 2
