2018 2844
444 192 688 251 omnibus
708 194 889 250 ordine
908 206 1098 248 naturae
1125 137 1421 267 priusquam
1442 189 1616 249 vitiofi
1639 190 1736 247 sint
1757 196 1932 266 impu-4
2002 199 2012 253 g

446 287 634 326 tatum.
701 277 982 328 Peccatum
1005 269 1264 324 habituale
1289 269 1536 323 inhaerens
1558 268 1622 322 ab
1641 269 1852 324 Adamo
1874 271 1932 323 in

453 366 635 403 omnes
653 362 996 420 propagatum
1022 343 1167 400 causa
1191 346 1261 400 est
1283 360 1418 399 certa
1441 386 1455 413 ,
1479 345 1579 398 hoc
1594 344 1663 398 est
1685 384 1702 410 ‚
1732 340 1932 396 confes-

453 419 505 476 sa
529 424 592 476 ab
622 422 864 476 omnibus
891 421 1212 477 orthodoxis.
1270 423 1354 476 De
1390 440 1454 474 eo
1476 423 1618 475 enim
1642 421 1777 472 vitio
1801 422 1931 490 quin

453 497 514 552 fit
529 539 544 565 ,
583 502 634 552 δε
652 495 796 551 causa
813 496 1107 563 sltmortis3
1129 501 1318 570 quippe
1350 497 1466 551 vere
1490 512 1755 569 peccatum
1772 535 1787 560 ,
1806 494 1927 550 vere.

456 591 569 627 reos
586 577 767 627 mortis
790 593 884 626 nos
907 570 1126 629 efficiens
1150 615 1165 640 ,
1187 572 1325 625 nulla
1347 572 1414 625 est
1441 576 1574 625 inter
1600 589 1693 624 nos
1722 585 1930 624 contro-

444 648 627 702 =uerfia.
660 649 721 702 Id
742 652 881 702 enim
908 652 977 703 est
999 651 1265 701 communi
1291 645 1598 701 confessione
1626 644 1743 699 fidei
1761 646 1927 701 verbis

453 723 732 778 clariffimis
758 729 809 778 &
833 722 1162 778 disertiffimis
1187 721 1569 777 confirmatum.
1610 724 1694 777 De
1713 735 1923 794 peccato

453 802 577 854 vero
600 799 784 855 astuali
803 798 997 854 Adami
1015 840 1030 865 ,
1057 819 1122 852 an
1153 814 1270 852 ante
1292 802 1680 871 corruptionem
1702 799 1925 869 impute-

453 887 556 941 tur,
582 881 632 930 &
657 896 720 929 an
743 875 828 928 illa
847 878 1129 946 imputatio
1145 873 1203 928 fit
1227 871 1373 927 causa
1396 892 1483 928 cur
1516 878 1567 926 in
1585 891 1763 926 omnes
1785 891 1927 926 mors

456 950 734 1024 peruaserit
757 992 771 1018 ,
820 971 895 1004 res
919 966 1052 1004 certa
1075 969 1180 1004 non
1198 946 1266 1004 est
1294 954 1341 1003 δε
1362 949 1586 1023 liquida:
1623 948 1676 999 id
1697 951 1834 1001 enim
1857 943 1932 1002 est'

456 1028 598 1098 quod
619 1045 754 1080 nunc
778 1030 908 1079 inter
933 1045 1026 1079 nos
1047 1028 1470 1078 controuertitur.
1533 1019 1722 1079 Rursus
1740 1027 1929 1078 vitium

454 1106 729 1175 Vnicuique
753 1103 982 1156 nostrum
1007 1101 1256 1154 inhaerens
1281 1098 1427 1158 causa
1451 1101 1520 1154 est
1541 1101 1725 1152 mortis
1748 1099 1926 1153 nostrae

454 1181 817 1251 propinquior,
835 1177 994 1250 quim]
1016 1180 1240 1248 primum
1258 1175 1450 1231 Adami
1475 1190 1739 1248 peccatum
1759 1177 1928 1228 aetua-

455 1253 534 1318 le‚
553 1255 693 1326 quod
714 1255 864 1306 nobis
884 1257 1201 1326 imputatum
1224 1252 1436 1312 dicitur,
1472 1270 1578 1303 non
1598 1250 1761 1303 modo
1787 1249 1927 1323 prius

454 1331 637 1383 ordine
655 1344 843 1383 naturae
862 1328 1018 1401 quim]
1040 1326 1256 1383 essemus
1278 1328 1538 1400 corrupti,
1552 1325 1637 1379 sed
1656 1329 1819 1379 etiam
1831 1326 1924 1379 ali-

452 1421 583 1475 quot
604 1424 861 1458 annorum
883 1404 1109 1457 millibus
1132 1418 1411 1477 antequam
1444 1399 1541 1455 effe
1573 1406 1625 1456 &
1647 1405 1817 1457 viuere
1846 1403 1924 1454 in-

456 1477 772 1552 cepiffemus.
820 1481 1005 1551 Itaque
1023 1479 1143 1533 cum
1164 1479 1272 1533 duae
1297 1477 1394 1532 111ae
1417 1475 1570 1531 causae
1589 1481 1720 1531 inter
1740 1475 1790 1530 se
1806 1494 1931 1539 con-

459 1554 712 1622 feruntur,
730 1555 818 1608 illa
830 1556 898 1611 est
920 1571 1077 1620 certa,
1093 1557 1212 1626 quia
1228 1573 1334 1608 non
1353 1551 1684 1607 controuersa
1698 1593 1712 1619 ,
1731 1553 1838 1607 haec
1853 1556 1930 1608 in-

461 1646 617 1697 certa,
638 1636 756 1703 quia
776 1628 1107 1685 controuersa
1128 1650 1136 1679 :
1180 1629 1270 1682 illa
1302 1631 1371 1684 est
1395 1632 1635 1700 Proxima
1660 1632 1713 1681 in
1741 1629 1930 1683 eodem

460 1724 580 1760 cum
601 1705 690 1760 suo
712 1704 919 1770 effeetu,
943 1706 1042 1758 hoc
1062 1706 1356 1772 est,m0rte‚
1373 1701 1618 1772 subjesto²
1633 1702 1737 1756 haec
1759 1723 1932 1759 remo-

458 1796 532 1849 ta,
556 1786 676 1854 quia
700 1785 753 1834 in
773 1782 876 1833 alio
902 1778 1129 1849 subjeCm
1147 1820 1162 1847 ,
1193 1780 1222 1832 ὲ
1244 1779 1396 1833 nobis
1416 1797 1521 1830 non
1548 1780 1712 1840 modo
1734 1794 1928 1835 naturae

452 1860 742 1931 generantis
763 1857 945 1910 ordine
960 1898 976 1923 2
1013 1854 1097 1909 sed
1111 1870 1347 1928 tempore
1362 1858 1524 1908 etiam
1538 1853 1684 1909 valde
1704 1870 1927 1924 remota,

457 1952 517 1987 ac
542 1937 676 1987 inter
702 1950 857 2005 quarn
891 1937 943 1986 &
968 1938 1196 1985 mortem
1217 1928 1513 2001 interposita
1545 1931 1614 1984 est
1644 1928 1786 1983 causa
1811 1939 1941 2003 pro:

457 2012 722 2082 pinquior‚
742 2010 992 2062 nimirum
1015 2009 1294 2078 corruptio.
1353 2007 1720 2077 Iam20pinor,
1741 2006 1928 2062 Le&or

453 2082 812 2140 humaniffime
829 2124 846 2150 ,
873 2083 1015 2140 vides
1043 2085 1334 2156 argumenti
1357 2084 1464 2134 vim
1487 2121 1502 2142 ,
1540 2085 1591 2134 &
1609 2081 1672 2133 ab
1693 2100 1750 2133 ea
1766 2083 1926 2152 quam

457 2160 692 2214 aberrent
715 2161 810 2214 viri
829 2159 966 2213 <loeti
987 2156 1338 2230 responslones
1355 2154 1459 2229 ipse
1476 2174 1562 2228 per
1582 2172 1633 2208 te
1656 2156 1924 2230 intelligis,

453 2235 599 2292 Cum
621 2239 764 2289 enim
785 2249 981 2288 certum
1014 2232 1072 2287 fit
1094 2251 1151 2287 ac
1176 2232 1320 2286 nullo
1344 2232 1508 2286 modo
1529 2234 1664 2284 inter
1693 2251 1785 2285 nos
1802 2249 1926 2286 con-

453 2309 744 2365 trouersum
758 2353 773 2379 ,
793 2310 1035 2364 omnibus
1059 2309 1300 2362 inhaerere
1321 2321 1586 2381 peccatum
1603 2306 1744 2379 quod
1766 2326 1930 2361 mere-

453 2401 538 2450 tur
556 2402 796 2452 mortem,
822 2390 873 2439 δε
897 2385 965 2439 ob
983 2384 1124 2457 quod
1143 2401 1324 2437 ornnes
1339 2384 1655 2448 moriuntur,
1670 2400 1756 2435 cur
1777 2382 1839 2437 de
1855 2401 1922 2435 eo

453 2477 664 2531 peccato
679 2461 827 2515 verba
846 2458 1108 2532 Apostoli,
1122 2460 1304 2530 quibus
1321 2455 1467 2511 causa
1480 2463 1662 2511 mortis
1686 2460 1925 2512 omnium

453 2537 729 2593 hominum
743 2540 1041 2611 {ominetur
1055 2576 1071 2605 2
1091 2555 1246 2591 onmes
1259 2548 1587 2610 peccauerunt,
1609 2552 1716 2590 non
1739 2536 1940 2605 accipi«.

1777 2616 1927 2668 mus?
