2018 2844
193 130 291 187 DE
336 128 569 185 CAv‘sA
619 149 1266 189 connumeramus·
1403 135 1519 205 2455*

53 216 172 261 toto
195 206 291 259 isto
312 218 404 257 tuo
426 208 643 260 transsatu
667 226 771 260 uon
796 207 916 279 legi.
1234 221 1239 226 ·

146 284 240 338 Vis
269 279 438 334 dicam
464 281 683 352 ingenue
710 283 836 354 quid
865 282 1062 338 interfit
1094 286 1229 337 inter
1247 295 1394 337 tuam
1416 278 1527 335 sen-

52 359 275 412 tentiam
294 361 345 410 &
369 375 538 410 meam
557 364 578 414 ?
601 358 715 429 Ego
731 358 795 411 eo
818 358 978 411 tendo
992 400 1007 424 ‚
1030 373 1086 413 vt
1105 360 1345 414 omnium
1362 357 1529 412 malo-

56 453 172 489 rum
187 436 385 507 generis
399 432 609 485 humani
624 430 742 499 fons
761 437 813 486 δε
836 430 982 487 causa
999 436 1054 486 in
1069 430 1237 505 ipsum
1259 451 1421 506 genus
1437 434 1532 488 hu-

0 519 3 521 ’
57 526 272 562 manum
290 547 304 572 a
327 526 434 561 non
461 523 637 562 autem
664 509 717 560 in
738 511 914 563 Deum
940 506 1202 562 referatur.
1263 510 1380 564 Tu'a
1403 511 1531 565 vero

58 582 310 638 sententia
338 583 403 636 eo
430 580 622 655 speetat
643 623 660 649 ‚
697 583 860 656 vtipfi
883 586 1005 639 Deo
1027 583 1355 638 attribuatur·
1389 583 1535 655 quod

57 677 160 732 ego
185 701 203 727 ,
228 676 326 731 qua
353 676 472 730 erga
492 661 802 714 Creatorem
839 663 891 713 &
923 658 1332 731 Redemptorem
1356 676 1536 713 meum

57 735 217 788 ducor
232 737 535 802 reuerentia,
557 737 664 806 pati
685 752 792 787 non
806 731 1023 807 possum.
1063 737 1271 792 Vitium
1285 733 1537 788 inhaerens

3 830 6 833 ’
58 807 178 864 fons
197 811 268 865 est
282 811 519 863 omnium
534 825 864 882 peccatorum
880 808 1174 864 aetualium.
1211 810 1434 865 Constat
1458 813 1538 862 in-

57 900 247 938 ternos
268 884 322 937 id
356 884 541 938 ducere
567 888 825 957 originem
856 885 883 939 ὲ
905 888 1079 959 primo
1107 899 1319 958 peccato
1350 884 1540 939 aCtuali

62 958 277 1016 Adami.
318 959 420 1015 Sed
440 963 682 1032 quaeritur
703 962 876 1032 ptimo
892 1000 908 1028 ,
931 979 1041 1032 quae
1065 958 1122 1014 fit
1137 962 1270 1013 ratio
1286 1000 1302 1026 ‚
1328 976 1418 1013 cur
1438 962 1542 1032 pri-

63 1053 212 1090 mum
235 1051 501 1107 peccatum
516 1035 709 1090 aotuale
727 1034 994 1090 Adamum
1013 1037 1333 1107 corruperit?
1356 1036 1473 1109 Ego
1486 1033 1545 1091 id

63 1108 264 1165 ascribo
281 1115 295 1162 i
304 1110 371 1183 psi
387 1110 525 1165 illius
540 1113 695 1184 primi
716 1114 911 1182 peccati
929 1125 1141 1177 naturae,
1161 1110 1304 1183 quod
1323 1109 1423 1165 fuit
1437 1130 1541 1163 mu·

65 1187 363 1259 tatiofiemmi
376 1185 483 1261 bom'
508 1226 525 1253 ,
551 1183 759 1252 [συβηιὲ
775 1188 940 1240 vltimz·
954 1226 969 1249 ‚
993 1186 1094 1241 hoc
1114 1188 1186 1243 est
1201 1226 1217 1253 2
1246 1185 1489 1259 apostasia
1512 1184 1547 1240 ὲ

66 1258 188 1320 Deo
209 1302 227 1331 ,
245 1262 495 1335 tanquam
509 1261 692 1315 inuido
712 1266 767 1316 δε
794 1261 1060 1316 maleuolo
1078 1301 1094 1328 ,
1120 1266 1172 1316 &
1195 1260 1460 1315 conuerfio
1478 1262 1549 1315 ad

67 1353 324 1392 creaturas
340 1353 589 1410 tanquam
619 1336 684 1390 ad
721 1334 981 1391 summum
1007 1338 1207 1392 bonum
1229 1376 1245 1403 ,
1268 1333 1351 1391 seu
1388 1335 1551 1393 finem

68 1413 343 1480 Vltimum,
366 1427 545 1467 contra
563 1413 911 1468 Deiuerbum.
937 1416 1206 1482 Qoniam
1220 1416 1551 1484 autemquic-

69 1487 198 1561 quid
217 1491 507 1561 appetimus
528 1488 626 1556 est,
654 1503 742 1543 aut
761 1486 878 1542 finis
894 1528 910 1554 2
933 1505 1020 1542 aut
1043 1488 1274 1542 medium
1287 1487 1352 1541 ad
1370 1485 1553 1556 finem,

72 1563 325 1621 &media
346 1566 525 1618 omnia
555 1604 573 1631 ,
606 1561 890 1635 omnesque
912 1560 1420 1618 fines'subordinatos
1435 1561 1555 1618 finis

71 1640 286 1695 Vltimus
310 1642 542 1693 continet
563 1637 652 1693 fibi
680 1638 957 1712 colligatos
973 1679 989 1706 ,
1017 1658 1082 1691 eo
1106 1653 1311 1693 mutato
1343 1635 1558 1710 sequuta.

72 1715 146 1770 est
164 1711 463 1770 Vniuersalis
477 1717 703 1768 mutatio
726 1733 910 1773 eorum
923 1717 1164 1769 omnium
1176 1753 1193 1782 ,
1214 1733 1323 1787 quae
1345 1716 1402 1766 in
1416 1713 1561 1770 Ada-

74 1809 167 1846 mo
201 1790 424 1846 moralia
456 1787 668 1844 fuerunt
694 1830 712 1857 ‚
738 1809 895 1864 quam
923 1794 1277 1846 mutationem
1300 1787 1562 1846 subsecuta

75 1866 215 1920 mala
246 1862 554 1919 conscientia
609 1869 786 1923 Deum
818 1864 1079 1939 refugiens
1123 1868 1175 1920 δε
1211 1866 1423 1919 horrens
1450 1907 1467 1935 2
1507 1880 1566 1922 vt

80 1938 338 1997 offensum
354 1980 371 2005 ,
391 1955 448 1992 vt
467 1944 658 1995 iratum
676 1980 693 2007 2
714 1956 771 1994 vt
791 1941 1017 1995 iudicem
1046 1981 1063 2008 ‚
1094 1955 1150 1995 vt
1167 1940 1369 1996 hostem
1383 1981 1400 2006 ,
1419 1945 1568 1998 auxit

81 2021 136 2072 &
159 2014 504 2071 confirmauit.
557 2019 645 2070 Tu
674 2016 798 2071 vero
826 2034 935 2070 non
968 2015 1172 2070 dubitas
1193 2016 1248 2070 id
1269 2056 1286 2083 ‚
1316 2016 1567 2090 quicquid

77 2093 185 2162 est,
213 2091 305 2167 ipsi
333 2093 452 2147 Deo
486 2087 801 2160 adscribere,
834 2095 922 2166 qui
953 2092 1205 2146 iustitiam
1237 2090 1568 2148 substraxerit

78 2167 326 2236 'Adamo‚
356 2187 577 2241 eumque
609 2171 889 2242 priuauerit
908 2166 1216 2224 redtitudine
1241 2172 1294 2221 &
1326 2168 1567 2222 sanotita-

84 2257 139 2299 te
155 2286 170 2311 ‚
190 2259 245 2299 vt
260 2244 325 2299 fic
346 2248 551 2318 puniret
566 2259 833 2319 peccatum
844 2244 1061 2314 ειᾶιιαὶε,
1083 2248 1133 2300 δι
1149 2243 1349 2299 iustitiae
1372 2241 1467 2298 suae
1491 2240 1569 2311 sa«,

90 2319 357 2376 tisfaceret.
1347 2322 1349 2325 ’

121 2419 126 2424 ·
151 2397 411 2467 Qaeritur
431 2393 674 2465 secundo,
695 2412 784 2451 cur
803 2411 1016 2471 peccato
1032 2408 1299 2470 corruptus
1326 2411 1385 2448 ac
1417 2397 1571 2450 vitia·v

93 2481 176 2522 tus
198 2472 426 2527 Adamus
447 2471 583 2527 filios
605 2477 840 2548 genuerit
855 2473 1090 2530 fimiliter
1109 2477 1420 2544 corruptos?
1453 2471 1571 2545 Ego

96 2549 590 2628 gpgfupuqqgguuffi
611 2565 807 2629 9339&
830 2551 887 2610 id
908 2549 1083 2610 tribuo
1103 2588 1122 2619 2
1142 2566 1256 2625 <11¹ae
1278 2544 1574 2621 vniuersalis

832 2620 887 2630 Ἢ
907 2617 1045 2627 “A'‘
1223 2624 1294 2683 ‘M
1306 2641 1360 2678 m
