2018 2844
1153 65 1182 109 6

405 125 541 190 lare,
571 122 727 197 quam
751 123 815 178 ab
845 125 1130 183 accusando
1151 128 1240 183 fibi
1273 123 1594 203 temperare,
1629 127 1921 181 veriffimile

402 205 563 255 etiam
591 201 804 266 nonest,
828 203 1067 257 Placeum
1090 201 1237 258 fuisse
1261 203 1288 257 ὲ
1312 221 1577 277 quoquam
1607 201 1920 271 accusatum,

405 281 492 350 qui
506 276 538 330 fi
556 295 662 328 non
677 276 747 328 est
762 276 1039 338 accusatus,
1056 277 1293 350 presedit>
1315 282 1587 332 damnatus
1607 276 1817 330 nonest.
1854 294 1857 295 ⁷

486 351 685 406 Frustra
713 354 825 418 quis
840 367 1056 423 reponat
1070 393 1084 413 ,
1102 355 1369 427 Aliquando
1384 358 1645 424 contingere
1661 392 1677 419 ,
1701 366 1761 404 vt
1775 351 1921 421 necefi

382 423 531 498 stzrq's
561 427 618 478 de
630 427 772 494 catfis
791 426 848 477 ab
868 429 1024 480 ordine
1030 430 1186 496 smel
1203 431 1439 500 constituto
1465 427 1685 501 discedere
1705 424 1918 488 debeant,

399 508 482 573 qui
512 501 718 554 ordmem
737 504 994 576 postterun‘t.
1033 506 1262 575 Qinam
1307 507 1447 557 enim
1490 505 1729 554 ordinem
1773 501 1923 554 illum

352 622 355 625 a
403 575 713 646 posuerant?
740 580 949 646 quinam
975 578 1295 631 Decretailla
1308 579 1684 637 condiderant?
1717 576 1919 648 Synodi

402 650 734 704 Nationales.
764 652 946 704 Fuitne
980 670 1107 724 ergo
1139 653 1379 725 Synodus
1408 651 1711 707 Nationalis
1745 650 1916 705 Placei

401 723 684 779 accusatrix
712 732 735 782 ἒ
768 724 1362 781 Annonfiaccusatusest
1379 767 1395 793 ‚
1433 743 1520 780 aut
1545 727 1608 778 ab
1628 725 1800 794 aliqua
1824 727 1918 796 Sy-

401 801 547 854 nodo
568 800 885 854 Prouinciali
909 839 924 861 ,
958 816 1046 854 aut
1070 803 1132 855 ab
1156 805 1330 875 aliquo
1353 801 1551 873 Synodi
1584 801 1922 855 Prouincialis

311 896 314 898 ’
398 875 640 949 delegato
661 875 919 929 accusatus
940 877 1008 931 est
1026 916 1042 942 ,
1058 892 1239 930 neutro
1255 878 1454 930 ordinis
1479 877 1612 929 illius
1631 889 1811 928 autore
1827 914 1842 940 ,
1866 893 1920 930 v-

398 963 586 1023 troque
605 952 804 1022 Synodi
830 950 1132 1005 Nationalis
1162 953 1432 1006 autoritati
1456 955 1508 1006 &
1535 952 1772 1005 Decretis
1806 947 1918 1004 sub-

395 1027 537 1094 jeoto
559 1026 797 1086 ?Deinde
813 1029 900 1097 qui
916 1026 1152 1080 ordinem
1176 1025 1453 1098 posuerunt
1469 1027 1533 1080 ab
1554 1025 1735 1080 ordine
1755 1023 1915 1079 semel

397 1101 678 1174 prudenter
708 1103 992 1157 constituto
1026 1120 1133 1154 non
1164 1099 1433 1156 discedunt
1464 1101 1554 1160 nifi
1585 1098 1829 1173 neceffirq‘s
1859 1101 1917 1152 de

395 1177 556 1245 cmtst's.
582 1179 834 1250 Qaenam
852 1179 1011 1249 igitur
1025 1175 1180 1230 causa:
1208 1175 1492 1231 neceffariae
1519 1174 1812 1230 discedendi
1847 1175 1913 1229 ab

397 1253 582 1307 ordine
604 1269 711 1306 tam
748 1249 1000 1324 sapienter
1040 1254 1278 1305 instituto
1299 1292 1317 1318 ‚
1352 1256 1405 1307 &
1428 1251 1657 1306 violandi
1692 1253 1916 1305 Decreta

395 1336 506 1380 tam
529 1345 677 1399 *aequa
701 1342 913 1399 tamque
927 1325 1195 1382 necessaria
1209 1325 1635 1382 fuerunt?frustra
1646 1345 1730 1380 eas
1751 1328 1920 1396 requi-

394 1420 476 1457 το.
515 1402 689 1458 Nullae
718 1418 984 1474 apparent.
1023 1402 1176 1457 Forte
1202 1401 1498 1475 Succrestenti
1527 1403 1649 1455 malo
1676 1406 1746 1454 ita
1768 1419 1919 1456 occur-

394 1478 590 1531 rendum
612 1479 734 1552 fhit.
760 1481 866 1533 Cui
890 1478 1030 1531 malo
1051 1484 1078 1529 ?
1097 1478 1267 1531 Placei
1289 1475 1591 1537 sententiat?
1624 1478 1689 1530 In
1708 1496 1769 1529 ea
1792 1477 1915 1529 duo:

393 1552 451 1606 id
476 1554 619 1627 quod
635 1551 798 1607 credit
819 1593 835 1619 ‚
874 1555 928 1606 &
950 1552 1004 1606 id
1023 1552 1162 1623 quod
1194 1570 1301 1604 non
1318 1552 1496 1606 credit.
1525 1550 1789 1626 chuid
1814 1568 1915 1606 cte-

393 1626 496 1692 dit,
516 1626 746 1698 idipsum
766 1629 1054 1699 quicunque
1100 1644 1209 1678 non
1221 1622 1336 1678 sunt
1350 1626 1624 1698 Pelagiani
1645 1640 1733 1679 aut
1753 1627 1921 1679 Semi-

392 1702 655 1775 pelagiani
675 1700 998 1756 crediderunt
1032 1698 1248 1773 semper.
1276 1700 1436 1770 Quod
1479 1720 1588 1755 non
1617 1700 1779 1754 credit
1802 1741 1819 1768 ‚
1859 1700 1915 1756 id

391 1794 565 1852 neque
581 1776 683 1833 vlla
695 1776 901 1850 publica
916 1778 1200 1831 autoritate
1215 1773 1478 1830 firmatum
1491 1777 1561 1830 est
1572 1794 1818 1847 vnquam,
1834 1796 1922 1832 nea

393 1871 495 1926 que
510 1854 575 1909 ab
590 1872 654 1907 eo
674 1854 919 1920 reijcitur,
942 1849 1035 1905 nisi
1051 1853 1171 1924 quia
1184 1870 1381 1906 nouum
1397 1854 1482 1914 est,
1500 1856 1552 1906 &
1571 1853 1601 1908 ὲ
1620 1853 1724 1906 Dei
1736 1853 1917 1920 verbo,

393 1926 428 1984 ἱ
446 1926 1056 1985 ΒοᾶτίηαΕεεΙείἰαῐιιω
1068 1926 1491 2001 protestantium,
1513 1925 1544 1980 ὲ
1566 1931 1699 1983 reeta
1713 1929 1916 1981 ratione

393 2004 646 2060 alienum.
686 2006 872 2078 Itaque
889 2003 956 2058 ab
991 2021 1051 2058 ea
1079 2004 1360 2073 rejectione
1381 2002 1514 2057 nihil
1544 2000 1648 2060 fuit
1681 2018 1920 2058 metuen-

393 2080 522 2137 dum
543 2081 687 2137 mali.

494 2156 600 2213 sed
613 2155 698 2212 fac
717 2154 916 2212 malurn
949 2154 1096 2211 fuisse
1108 2155 1193 2210 cui
1217 2150 1342 2209 effer
1356 2149 1748 2210 occurrendum.
1769 2151 1922 2210 Num

391 2230 446 2286 'ei
467 2230 569 2287 fuit
579 2235 655 2287 ita
672 2232 1049 2287 occurrendum
1066 2272 1084 2298 ‚
1107 2245 1163 2285 vt
1177 2231 1498 2287 violarentur
1511 2228 1611 2282 111ae
1630 2228 1788 2301 leges,
1828 2230 1922 2282 illa

390 2306 615 2374 decreta,
632 2310 820 2381 quibus
839 2310 1041 2381 Synodi
1056 2305 1368 2363 Nationales
1388 2302 1749 2375 sapIentiffime.
1769 2303 1920 2377 praes-

391 2382 695 2456 cripserant,
706 2383 980 2455 quomodo
989 2383 1083 2438 tali
1098 2380 1296 2448 malo,fi
1318 2381 1529 2456 quando
1542 2378 1916 2449 oriretur‚effet

391 2459 803 2536 occurrendum?
820 2460 985 2536 Qd,
1003 2456 1152 2534 quod
1172 2474 1320 2532 praep
1329 2457 1495 2515 ostera
1511 2457 1605 2513 illa
1626 2454 1930 2515 occurrendi
