2018 2844
227 97 324 155 Dr
356 91 530 151 Ano}
567 91 599 146 i
635 86 836 148 Novo
875 87 926 148 T
944 82 1248 146 εέτλῐᾶἐξ
1267 90 1366 145 rs:
1472 96 1570 171 '3'3'3'

11 181 24 192 ”
94 173 194 231 esse
219 191 324 226 non
345 171 550 225 tantum
575 185 804 225 mortem
830 171 1062 242 corporis
1095 170 1147 222 δέ
1174 182 1419 223 aeternam
1445 208 1463 237 ,
1494 171 1586 232 sed

93 252 354 322 imprimis
391 263 620 303 mortem
658 243 977 319 spiritualem
1002 247 1186 299 animae
1219 284 1235 310 ,
1273 243 1491 315 positam
1527 252 1584 308 in

93 328 390 397 priuatione
407 326 607 380 iustitiae
631 314 904 396 originalis
938 362 953 387 ,
988 325 1041 376 &
1063 325 1400 393 corruptione
1426 320 1610 380 haere-'

91 399 282 456 ditaria
309 420 321 453 :
353 403 432 455 Ex
456 418 559 473 quo
580 394 809 463 sequitur
829 399 980 456 istam
1003 401 1395 471 corruptionem
1413 405 1585 457 nomi..
1644 422 1648 432 κ

90 494 158 530 ne
190 480 379 533 mortis
413 477 514 530 hoc
542 475 662 530 loco
698 477 971 529 contineri.
1039 472 1207 546 Atqui
1235 477 1341 529 iam
1362 476 1582 548 probaui

90 569 201 606 non
233 556 508 609 contineri.
578 550 742 624 Quod
776 548 812 604 fi
836 549 1123 624 Apostolus
1145 553 1331 605 mortis
1366 557 1584 610 nomine

94 630 345 703 quicquid
365 647 532 702 poenae
560 646 648 701 per
669 625 940 684 Adamum
961 629 1016 679 in
1040 626 1270 700 posteros
1286 625 1583 687 deriuatum

91 703 164 756 est
190 703 496 779 fignificauit
511 746 528 772 ,
549 721 642 757 nec
662 719 841 758 tamen
866 723 932 758 eo
952 705 1166 758 nomine
1187 706 1583 776 corruptionem

91 775 468 839 haereditariam
489 778 577 834 seu
600 783 789 836 vitium
809 779 1112 853 complexus
1133 779 1203 833 est
1217 820 1232 846 ,
1250 795 1307 834 vt
1335 782 1440 833 iam
1463 800 1583 854 pro-

89 850 210 907 baui
225 896 243 923 ,
264 859 408 914 vides
428 857 555 930 quid
576 854 841 930 sequatur,
862 875 1050 928 nempe
1071 859 1260 910 vitium
1280 855 1407 909 illud
1428 856 1583 913 haerea

90 928 340 989 ditarium
360 953 468 988 non
481 930 580 987 effe
599 935 654 985 in
675 950 897 987 numero
913 948 1188 1003 poenarum
1202 948 1325 1002 quas
1341 929 1581 990 Adamus

87 1006 570 1074 mundointulit‚ac
589 1004 805 1078 proinde
827 1020 1096 1079 peccatum
1118 1009 1226 1059 eius
1252 1006 1450 1061 aotuale
1468 1028 1579 1065 non

87 1076 186 1133 esse
207 1085 409 1136 mundo
435 1086 758 1155 imputatum
777 1082 844 1137 acl
861 1079 1005 1138 illam
1031 1099 1246 1155 poenam
1281 1124 1300 1152 ,
1333 1082 1579 1158 videlicet

84 1156 275 1211 vitium
297 1158 701 1212 haereditarium.

115 1233 407 1288 Veniamus
426 1234 492 1287 ad
508 1231 739 1305 sequetes
755 1249 907 1288 voces
920 1235 1166 1295 ἔφ’ςῖωένπς
1180 1231 1455 1300 ἤμᾶρπνῌῖσ
1469 1244 1580 1292 ma:

83 1320 251 1377 gnum
271 1306 464 1364 scilicet
478 1307 639 1362 causae
654 1323 753 1363 tuae
772 1320 921 1380 putas
942 1323 996 1362 te
1022 1307 1256 1381 reperiffe
1280 1311 1573 1384 prefidium.

90 1382 155 1436 In
167 1384 334 1439 verbis
358 1394 417 1446 ω’
434 1387 464 1446 ὅ
481 1383 703 1439 consistis
729 1381 1010 1457 paulisper,
1036 1403 1164 1439 mox
1185 1388 1247 1455 ijs
1269 1384 1486 1443 desertis.
1506 1389 1572 1449 ad

84 1461 300 1515 verbum
320 1463 465 1527 ἕμῦῥἹον
478 1476 529 1514 te
541 1458 762 1514 confers.
781 1476 968 1534 nempe
980 1476 1037 1516 tu
1052 1460 1406 1538 verfione'2quzi
1420 1481 1573 1521 vtun-

80 1545 166 1589 tur
188 1537 422 1592 Ecclefiae
445 1536 646 1602 nostrat,
665 1534 871 1590 noluisti
903 1536 1109 1609 prorsus
1131 1542 1199 1591 rei
1205 1540 1368 1607 jcere,
1390 1560 1573 1616 quam..

80 1612 161 1663 uis
181 1609 305 1666 satis
326 1611 502 1688 aperte
530 1631 628 1686 prae
658 1626 712 1665 te
734 1609 866 1665 feras
903 1651 919 1677 ‚
949 1631 1067 1666 eam
1086 1614 1183 1667 tibi
1204 1634 1314 1671 non
1341 1619 1571 1689 probari,

77 1683 292 1760 Itaque,
312 1692 503 1764 inquis,
513 1685 794 1756 stabiliatur
811 1685 868 1746 ἀ
889 1705 1079 1742 maneat
1095 1692 1239 1760 vasta
1263 1696 1415 1763 nostra
1425 1699 1571 1767 gadi-

78 1779 157 1837 ca,
179 1782 273 1838 quae
291 1767 358 1836 {st
380 1765 602 1820 Iohanne}
621 1766 828 1824 Caluini,
850 1783 899 1817 eo
914 1765 1040 1837 quod
1055 1805 1070 1827 ‚
1097 1769 1186 1819 vel
1206 1770 1390 1840 quando
1411 1791 1570 1825 omnes

64 1853 387 1917 peccauerunt.
453 1839 716 1898 Aduersus
745 1859 862 1894 eam
894 1855 1073 1895 tamen
1109 1845 1360 1898 nonnulla
1382 1847 1571 1918 obijcis

78 1916 183 1970 hoc
204 1933 315 1990 cap.
336 1922 389 1972 ὅ(
414 1935 525 1990 cap.
550 1936 631 1970 lx.
654 1935 763 1988 quae
784 1932 903 1967 cum
925 1916 1128 1969 adillud
1144 1933 1298 1990 caput
1322 1940 1571 1993 peruene-

77 2008 140 2045 ro
158 2033 174 2060 ,
189 1993 310 2049 Deo
327 1993 455 2049 bene
474 1997 706 2058 iuuante,
720 1994 786 2044 ad
799 2009 1018 2044 examen
1033 1997 1309 2062 reuocabo,
1323 2001 1374 2050 ὅ(
1390 2004 1570 2070 qu‘am.

22 2126 27 2127 γ
76 2070 156 2122 uis
180 2085 296 2121 mea
313 2065 420 2122 fere
443 2070 574 2122 nihil
594 2066 787 2121 interfit
809 2068 1082 2140 quomodo
1102 2069 1196 2129 ἔφ’ςῖ
1221 2071 1464 2127 reddatur
1480 2115 1497 2142 ‚
1517 2096 1567 2133 eo

76 2144 229 2217 quod,
251 2143 353 2198 srue
372 2148 425 2199 in
445 2161 533 2220 quo
546 2186 561 2212 ,
581 2160 761 2199 tamen
777 2144 1045 2200 ostendam
1063 2147 1370 2201 vertendum
1394 2148 1492 2205 effe
1515 2170 1566 2208 eo

79 2221 218 2291 quod,
232 2241 290 2276 ac
304 2223 488 2277 tuebor
511 2221 820 2290 uersmnem,
833 2240 988 2294 quam
1006 2221 1238 2276 Ecclefiae
1253 2224 1433 2280 nostrae
1446 2245 1564 2300 prod.

23 2322 25 2325 ·
78 2294 222 2353 bant.
261 2300 482 2356 Interim
509 2316 567 2356 tu
588 2304 666 2354 vis
685 2299 933 2373 explicari
962 2299 1070 2351 haec
1090 2300 1241 2353 verba
1262 2320 1310 2353 eo
1343 2305 1469 2375 qued
1485 2306 1565 2361 vel

20 2393 24 2395 -
80 2377 133 2425 in
165 2390 254 2446 quo
269 2395 452 2433 omnes
488 2392 827 2452 peccauerunt
859 2395 921 2429 ex
948 2378 1111 2446 prima
1141 2392 1282 2449 parte
1317 2379 1565 2434 verticuli-0

82 2447 159 2505 At
178 2452 275 2504 tibi
299 2455 404 2509 iam
436 2459 660 2528 primam
689 2452 846 2525 illam
864 2468 1064 2525 partem
1083 2452 1290 2507 extorfi.
1353 2457 1409 2508 Si
1431 2467 1561 2531 ergo

81 2524 304 2603 peccaffe
323 2536 500 2607 ornnes
523 2534 763 2606 dicuntur
774 2549 837 2585 eo
850 2544 1064 2603 peccato·
1077 2529 1220 2606 quod
1234 2533 1287 2586 in
1300 2533 1564 2608 mundun}

1147 2607 1189 2662 Z
1210 2623 1247 2662 z
