2018 2844
476 131 588 201 '353
860 125 1032 182 MAN.
1092 125 1298 176 POST·
1362 123 1522 179 CAP.
1582 126 1648 188 Χ

476 211 536 260 δέ
554 219 733 257 verum
753 201 822 256 est
851 239 867 265 ,
904 206 973 254 δε,
995 194 1060 253 ad
1088 211 1238 250 ,tuam
1281 192 1591 252 sententiam
1613 200 1963 265 euertendam,

470 282 648 334 meam
671 293 846 330 autem
867 272 1177 328 firmandam
1206 272 1442 345 apprime}
1471 272 1612 326 vtile.
1673 276 1963 350 Subsumisg,

453 357 795 429 ſsa'peccatttm
804 356 1014 427 primum
1037 350 1213 401 Adami
1223 350 1330 422 fait
1343 349 1464 401 illud
1465 351 1705 423 peccatum
1725 351 1780 402 de
1795 371 1881 424 quo
1893 345 1959 407 lo‘-

473 449 602 485 catus
625 431 690 499 est
703 429 970 504 apostolus
989 426 1123 498 verstc
1149 420 1702 500 tmmediatbpraecedentz'
1715 465 1730 487 ,
1752 443 1813 480 vt
1817 426 1960 503 stcpra

459 505 777 583 probauimus.
846 505 1050 558 Nititur
1070 504 1230 574 igitur
1262 501 1369 555 haec
1394 517 1485 554 tua
1507 501 1793 574 propositio
1815 502 1962 576 supe-

473 586 602 635 riori
624 598 713 635 tua
735 575 1186 652 argumentatione
1210 619 1227 644 ,
1261 597 1415 650 quam
1440 579 1581 630 vides
1607 578 1635 632 ὲ
1658 578 1808 631 nobis
1823 583 1960 652 capi-

475 672 528 711 te
561 657 877 729 praecedente
907 655 1083 709 multis
1111 654 1226 707 telis
1248 649 1537 708 confossam
1557 672 1616 706 ac
1645 652 1963 723 confectam,

475 750 533 789 vt
555 735 664 785 iure
686 751 807 787 meo
833 730 1014 806 poffim
1033 733 1141 784 cius
1166 729 1285 783 loco
1297 729 1428 782 hanc
1446 748 1638 804 ponere
1660 769 1678 795 2
1706 728 1871 801 Atqui
1888 733 1962 783 vi-

477 813 613 862 tium
629 808 886 882 originale
903 808 1146 862 omnibus
1161 806 1460 860 hominibus
1473 806 1722 859 inhaerens
1741 807 1809 860 est
1828 805 1960 859 illud

477 900 747 958 peccatum
759 883 820 937 de
842 903 946 956 quo
967 884 1213 956 quuutus
1227 882 1296 936 est
1313 880 1596 956 Apostolus
1609 878 1755 937 versu
1777 883 1962 936 imme-

477 961 619 1015 diate
641 960 979 1034 praecedenti,
1003 975 1057 1015 vt
1082 957 1231 1032 supra
1253 957 1485 1031 probaui.
1529 957 1673 1029 Ergo
1691 973 1960 1028 peccatum

475 1036 608 1099 illud
633 1036 774 1109 quod
794 1033 895 1089 fuit
918 1041 974 1088 in
995 1036 1195 1090 mundo
1217 1032 1372 1104 vsque
1393 1035 1459 1086 ad
1481 1034 1651 1104 legem
1676 1033 1747 1086 est
1769 1034 1968 1086 vitium-

477 1112 730 1185 originale
751 1109 996 1163 omnibus
1011 1109 1262 1163 inh-aerens
1285 1148 1301 1173 2
1321 1108 1462 1181 quod
1484 1111 1673 1162 vitium
1696 1107 1959 1175 omnibuS,
2008 1133 2012 1137 ·

476 1188 571 1242 nifi
599 1185 925 1249 condonetur
952 1204 1041 1257 per
1058 1185 1328 1242 Christum
1355 1226 1373 1253 ,
1396 1186 1772 1258 imputarinon
1789 1180 1958 1239 fateor

477 1263 645 1318 modo
662 1302 678 1328 ,
699 1259 785 1314 sed
807 1260 1072 1314 contendo
1093 1266 1271 1315 etiarn.

535 1337 737 1396 Verum
762 1354 861 1411 ego
883 1338 984 1390 alia
1005 1341 1207 1390 ratione
1227 1337 1327 1389 'noc
1350 1336 1491 1390 Idem
1517 1349 1882 1408 argumentum
1903 1338 1959 1389 in

477 1429 532 1469 te
552 1413 811 1485 torquebo
825 1454 843 1480 ,
859 1432 971 1485 quae
986 1431 1094 1467 non
1111 1417 1304 1466 nitetur
1325 1409 1576 1484 superiori
1590 1408 1958 1483 disputatione,

479 1489 571 1545 sed
597 1507 716 1544 eam
750 1486 841 1541 suo
864 1491 1081 1561 proprio
1110 1487 1339 1561 pondere
1368 1501 1554 1561 augeat
1577 1527 1591 1554 ‚
1623 1505 1788 1560 eoque
1810 1492 1959 1561 graui

481 1562 903 1621 &momentoso.
931 1569 1206 1619 Peccatum
1220 1562 1436 1630 illud2de
1448 1562 1794 1636 quoloquitur
1814 1562 1962 1637 Apo-

480 1642 638 1699 stolus
663 1637 811 1694 versu
830 1640 1132 1693 immediate
1155 1639 1469 1713 praecedente
1485 1680 1501 1705 ,
1521 1640 1591 1695 est
1610 1656 1879 1713 peccatum
1897 1639 1959 1692 il-

481 1717 572 1772 lud
593 1717 734 1788 quod
749 1713 848 1768 fuit
869 1718 924 1768 in
941 1715 1146 1771 Mundo
1156 1713 1310 1787 vsque
1324 1715 1388 1768 ad
1403 1713 1572 1786 legem
1594 1755 1610 1781 ,
1623 1730 1681 1769 vt
1693 1716 1826 1769 reete*
1839 1734 1958 1786 pro-

477 1792 626 1846 basti.
651 1789 817 1862 Atqui
831 1805 1099 1862 peccatum
1110 1794 1336 1862 primurn
1352 1790 1547 1844 actuale
1560 1790 1756 1846 Adami
1769 1810 1877 1845 non
1890 1794 1961 1849 est

481 1883 751 1940 peccatum
774 1865 902 1918 illud
921 1866 1063 1937 quod
1090 1865 1190 1919 fuit
1210 1870 1264 1919 in
1288 1866 1484 1919 mundo
1504 1863 1662 1940 vsque
1686 1866 1754 1919 ad
1774 1865 1960 1941 legem.
1994 1901 1996 1903 ·

482 1946 628 2017 Ergo
649 1956 915 2015 peccatum
937 1944 1110 2014 primii
1130 1942 1325 1996 adtuale
1341 1939 1535 1997 Adami
1566 1961 1675 1997 non
1695 1943 1766 1998 est
1789 1940 1962 2015 pecca-

481 2037 599 2075 tum
616 2018 744 2071 illud
765 2017 825 2070 de
846 2036 949 2090 quo
965 2017 1480 2091 loquiturApostolus
1500 2017 1641 2074 versu
1655 2019 1960 2076 immediate

481 2094 884 2171 ptaecedenti‚ac
915 2094 1131 2166 proinde
1148 2114 1257 2149 non
1279 2094 1350 2148 est
1383 2109 1649 2168 peccatum
1668 2094 1797 2151 illud
1817 2096 1961 2168 quod

485 2180 538 2228 in
551 2171 794 2231 mundum,
811 2170 966 2233 idest,
988 2184 1040 2225 te
1062 2176 1343 2244 interprete
1361 2177 1413 2227 in
1426 2192 1510 2227 nos
1533 2175 1758 2238 introiit,
1781 2174 1835 2225 &
1855 2191 1960 2243 quo

486 2266 670 2303 omnes
692 2247 932 2300 homines
954 2264 1308 2321 peccauerunt.
1366 2253 1627 2307 Maiorem
1656 2248 1961 2326 propositio-

488 2343 614 2379 nem
625 2342 813 2397 negare
835 2341 944 2377 non
967 2338 1112 2397 potes
1133 2349 1152 2391 ·,
1177 2327 1247 2382 est
1268 2329 1410 2381 enim
1424 2342 1516 2381 tua
1530 2368 1546 2395 ‚
1571 2332 1624 2383 δε
1640 2368 1658 2395 ,
1675 2326 1958 2398 finegareS,

487 2397 726 2466 facile,vt
746 2414 803 2453 tu
817 2400 951 2455 redte
972 2400 1264 2471 obstruam,
1283 2421 1345 2458 ex
1361 2404 1612 2478 particula
1628 2401 1884 2470 causaliffi'»,
1901 2407 1958 2458 &

490 2489 698 2530 textura
710 2473 1076 2547 disputationis
1088 2478 1397 2554 Apostolicae
1417 2483 1612 2535 reuinci
1634 2475 1813 2555 posses,
1857 2481 1958 2551 Mi-

490 2568 589 2608 nor
612 2550 788 2624 suapte
809 2549 921 2621 Luce
939 2554 1207 2615 manifesta
1229 2557 1319 2632 estg
1376 2555 1571 2615 Nonne
1597 2559 1737 2613 enim
1771 2553 1962 2630 perspi-q
