2018 2844
282 58 377 113 DE
408 52 573 110 ΑΒΘ·
605 77 627 107 E
660 56 821 112 ROM.
862 73 910 108 V·
948 73 1023 124 13·
1054 52 1261 129 &seqq
1432 69 1528 135 363

47 132 158 197 ‚spost
171 132 314 195 legem
334 132 385 174 :in
405 128 654 175 hominibus
675 129 816 176 fuiffe.
868 133 1077 189 Denique
1101 134 1433 192 corruptionem
1461 138 1530 180 in·

48 209 196 246 natan»
214 193 310 256 post
325 195 484 256 legem,
503 209 635 254 quam
649 197 987 250 antemotiorem
1004 193 1143 246 fuisse,
1158 210 1213 241 ex
1227 196 1339 258 legis
1352 202 1393 242 δι
1407 196 1525 244 testi-

45 259 209 315 moniis
223 256 384 319 quibus
409 257 696 304 demonstrari
725 257 869 319 potest
882 287 896 310 ‚
926 264 966 305 &
993 257 1080 305 fine
1093 262 1168 319 qui
1184 258 1264 305 fuit
1284 259 1528 322 patefacere

44 326 350 386 peccaturm&
366 319 714 383 experientiz'i,ac
732 321 1117 385 disertoApostoli
1138 322 1390 369 testimonio
1408 355 1418 376 ,
1433 340 1527 389 pec-

40 401 185 434 catum
199 405 277 432 non
288 392 446 453 cognoui
457 387 531 447 nist
529 401 604 449 per
615 387 776 451 Legem
789 391 874 438 &c,
890 389 948 432 ita
965 388 1128 433 clarum
1142 387 1202 433 est
1214 417 1227 440 ,
1242 404 1288 434 vt
1301 391 1459 435 mirum
1475 388 1502 434 fi
1509 405 1526 435 t

45 450 278 499 caecutiisse
294 459 328 502 V
341 468 452 498 irum
471 446 652 496 dunstani
667 456 709 494 ’m
724 465 841 495 tanta
856 451 969 497 luce.
992 450 1231 516 Subiungit
1243 451 1412 514 aliquid
1427 457 1524 500 Au-

46 515 210 580 gustini
225 532 279 562 ex
300 516 377 562 lib.
392 523 462 562 16.
484 513 537 559 de
553 515 694 560 Ciuit.
710 516 912 578 Dcicap.
931 531 1009 578 ²7·
1032 515 1153 577 quafi
1180 516 1252 561 ille
1276 518 1524 579 agnouisset

22 583 385 642 -imputationem
397 579 514 625 illam
527 577 862 624 antecedentem
876 611 890 633 ,
904 579 984 626 sed·
995 578 1163 626 frustrd.
1214 579 1258 627 N
1269 598 1336 624 am
1349 585 1390 627 &
1408 579 1520 625 male

43 644 354 708 interpretatus
370 642 430 690 est
444 642 578 690 verba
601 643 690 688 Dei
707 644 830 690 Gen.
859 641 1068 705 xv11.‘14.
1092 643 1247 706 peribit
1262 647 1522 691 animaillius

43 707 97 754 de
103 711 244 773 populo
258 725 345 756 meo
357 742 369 763 ‚
383 713 576 772 quoniam
585 707 866 769 testamentum
877 727 1015 756 meum
1028 710 1256 772 diffipauit,
1274 725 1322 754 ea
1339 715 1455 754 enim
1470 710 1525 754 de

44 773 418 820 nialculoinfante
429 776 598 835 accepit
627 776 755 819 nir-nis
777 773 965 827 duriter,
989 781 1032 821 &
1060 780 1232 819 videtur
1257 776 1340 821 Vir
1365 771 1525 834 doetus

44 851 126 898 pet·
136 836 441 884 testamentum
461 836 569 882 illud
582 854 671 884 non
685 835 833 883 foedus
847 837 1170 884 circuncisionis
1187 836 1525 901 intelligere‚sed

34 901 120 947 >lex
135 901 222 946 lata
236 901 436 949 Adamoz
464 900 565 947 cum
582 917 725 948 tamen
739 917 819 948 nec
834 902 921 947 haec
939 919 1132 964 vnquam
1147 900 1295 948 foedus
1308 917 1380 948 aut
1393 901 1524 948 testa.-

44 978 245 1010 mentum
260 965 487 1018 dicatur‚&
503 964 780 1013 manifestum
795 965 845 1012 fit
859 966 968 1012 illud
982 966 1142 1012 debere
1155 966 1361 1030 intelligi.
1385 967 1527 1013 Dein-

45 1026 102 1073 de
115 1027 218 1074 ideo
234 1029 324 1075 vult
338 1029 605 1093 Augustinus
618 1033 759 1091 perire
771 1030 896 1076 illum
910 1029 1119 1076 infantem
1131 1062 1144 1084 ,
1163 1034 1268 1092 quia
1281 1047 1371 1076 non
1389 1029 1449 1077 est
1462 1047 1525 1077 re·-

37 1099 218 1159 genitus:
244 1098 487 1156 opponitur
508 1108 652 1140 autem
670 1098 946 1157 regeneratio
971 1097 1245 1157 corruptioni
1267 1093 1525 1147 inhaerenti,

46 1171 147 1217 quae
169 1156 397 1204 habitualis
419 1158 480 1204 est
501 1158 745 1205 testamenti
759 1161 848 1205 Dei
861 1157 1079 1221 dissipatio
1092 1159 1145 1206 ab
1162 1158 1340 1207 Adamo
1355 1174 1526 1222 propag

51 1233 169 1282 gata,
184 1238 270 1266 non
289 1236 436 1267 autem
450 1224 744 1284 imputationi.

124 1289 364 1339 Tertium
395 1302 759 1359 argumentum
788 1285 920 1341 mihi
956 1284 1290 1360 suppeditant
1315 1305 1423 1358 quae
1455 1285 1526 1339 se-

40 1360 273 1430 'quuntur
292 1361 429 1432 apud
451 1361 765 1432 Apostolum
783 1377 1036 1435 ,peccatum
1052 1383 1143 1416 non
1155 1368 1522 1437 imputaturcttm

43 1437 125 1487 lex
146 1454 238 1487 non
257 1436 334 1505 cst.
385 1433 551 1507 Atqui
571 1436 654 1489 lex
674 1455 783 1489 non
802 1438 873 1491 est
892 1434 1172 1495 secuudum
1194 1457 1352 1509 quam
1372 1438 1522 1490 nobis

42 1512 331 1582 impvtetur
352 1527 617 1582 peccatum
633 1511 829 1565 aetuale
851 1510 1061 1566 Adami.
1122 1515 1264 1584 Ergo
1289 1532 1396 1565 ηοη
1425 1516 1524 1565 im-

44 1601 255 1656 putatur
268 1586 433 1639 nobis.
482 1588 657 1641 Probo
669 1590 952 1640 minorem:
977 1607 1097 1641 nam
1113 1592 1282 1642 maior
1294 1589 1362 1643 est
1375 1587 1422 1642 A
1430 1607 1522 1660 po-

44 1659 184 1714 stoli.
247 1664 302 1714 Si
335 1680 436 1732 qua
471 1659 724 1714 eiusmodi
745 1663 827 1714 lex
851 1660 973 1715 esset
997 1703 1012 1729 2
1029 1681 1088 1715 ea
1115 1662 1238 1716 effet
1259 1664 1522 1737 singularis

46 1734 136 1787 illa
150 1735 214 1787 de
236 1753 339 1788 ηοη
356 1737 558 1790 edendo
572 1736 742 1791 fruetu
755 1737 949 1789 arboris
965 1735 1186 1789 scientiae
1202 1738 1330 1790 boni
1346 1745 1395 1792 &
1414 1757 1523 1791 ma-

47 1808 104 1862 li.
168 1809 333 1880 Atqui
353 1811 442 1864 illa
457 1815 561 1865 iam
583 1813 646 1866 ab
664 1814 864 1883 aliquot
883 1831 1143 1864 annorum
1163 1812 1391 1866 millibus
1414 1831 1522 1864 non

48 1885 120 1938 est
139 1884 360 1958 amplius
381 1925 397 1951 a
418 1884 615 1939 sublata.
637 1882 663 1937 ἑ
687 1905 856 1940 rerum
877 1900 1058 1938 natura
1078 1887 1167 1937 illa
1190 1888 1370 1940 arbore
1393 1929 1407 1954 2
1433 1901 1522 1941 aut

47 1961 202 2015 nobis
225 1958 423 2031 prorsus
451 1964 632 2033 ignota
649 2003 665 2029 ,
693 1967 745 2016 &
767 2002 781 2023 ,
801 1976 857 2014 vt
885 1976 1085 2014 caeteras
1105 1963 1206 2016 Dei
1229 1979 1479 2016 creaturas
1505 2004 1521 2027 ,

46 2034 299 2090 conceffai.
353 2037 494 2108 Ergo
509 2037 592 2091 lex
606 2058 711 2090 ηοη
724 2038 792 2092 est
804 2034 1077 2090 secundum
1092 2055 1245 2109 quam
1263 2039 1413 2090 nobis
1426 2040 1522 2090 im-

48 2127 262 2184 putetur
282 2129 548 2184 peccatum
567 2113 763 2169 aetuale
785 2111 976 2167 Adami
1004 2131 1013 2161 ε
1036 2111 1116 2166 Ac
1133 2127 1187 2165 vt
1203 2111 1285 2164 lex
1308 2112 1395 2166 illa
1421 2116 1522 2183 pri-

47 2186 195 2241 mum
216 2191 378 2242 eieeto
395 2188 421 2242 ἐ
436 2188 668 2260 paradiso
684 2190 895 2242 homine
912 2228 924 2249 ,
949 2187 1135 2240 deinde
1157 2186 1267 2260 ipso
1284 2186 1515 2260 paradiso

48 2259 250 2317 sublato
278 2304 292 2325 ‚
317 2260 414 2317 effe
435 2283 541 2319 non
564 2262 779 2320 desiisset
800 2304 816 2330 ,
843 2264 1281 2336 quemadmodum
1318 2263 1516 2337 procul-

47 2336 212 2394 dubio
236 2339 380 2393 desiit
399 2381 413 2403 ‚
433 2354 610 2396 tamen
631 2361 748 2396 eam
768 2356 825 2395 vt
847 2340 1034 2413 legales
1056 2343 1383 2398 caeremonias
1404 2342 1518 2396 Do-

49 2418 227 2470 minus
253 2413 344 2468 suo
367 2417 595 2473 aduentu
619 2414 923 2492 abrogasset.
981 2417 1100 2471 Fuit
1132 2420 1269 2470 enim
1305 2416 1518 2469 interdi-

55 2488 194 2546 Ctum
207 2488 341 2546 illud
354 2495 708 2550 ceremonialis
723 2492 956 2567 quaedam
976 2491 1061 2546 lex
1080 2493 1370 2560 libertatem
1386 2492 1519 2546 arbi-
