2018 2844
327 136 451 194 VDE‘
515 133 720 191 s‘r'AT'v
783 135 1229 202 qvaes‘rxb'fi'ts:
1451 141 1555 203 '161‘

85 229 141 274 vt
158 218 383 289 primum
403 228 667 286 peccatum
691 212 884 268 Adami
906 211 1170 287 vsurpetur
1193 226 1416 286 quatuor
1436 236 1551 273 mo-

88 293 182 346 dis.
204 313 245 347 1.
265 310 357 364 pro
378 292 581 344 afflone
601 307 698 361 qua
719 289 798 343 dei
817 289 989 363 legem
1005 291 1075 345 est
1089 289 1553 366 transgreffus2quae

89 370 318 441 primum
356 365 455 421 fuit
489 379 756 437 peccatum
799 365 1010 419 adtuale.
1042 384 1087 418 2.
1124 385 1218 439 pro
1258 368 1438 424 eadem
1463 370 1554 424 illa

89 446 292 498 actione
307 460 412 497 non
430 441 628 512 praecise*
647 455 853 512 accepta
868 481 884 506 ,
907 438 987 494 sed
1004 440 1150 494 fimul
1171 460 1289 496 cum
1305 444 1556 499 habituali
1593 474 1603 479 ·

90 522 422 592 corruptione
443 535 597 587 quam
618 518 814 591 peperit
839 535 848 567 :
874 515 1066 570 habent
1091 516 1298 572 enimse
1321 520 1426 572 haec
1447 520 1555 575 duo

90 593 232 649 velut
251 591 516 649 calefactio
540 597 592 648 &
619 592 790 660 calor,
815 595 953 657 actus
987 596 1038 647 &
1062 593 1297 661 habituS,
1325 600 1554 649 mutatio

91 671 298 724 actualis
317 675 368 724 &
383 672 604 724 mutatio
626 668 916 721 habitualis.
948 669 1128 740 Itaque
1145 683 1416 741 Vtrumque
1433 690 1555 725 con‘

90 747 310 813 junctim
332 745 467 799 idem
485 763 677 799 nomen
700 747 893 817 peccati
917 742 1110 798 Adami
1132 785 1149 811 ‚
1170 745 1248 801 vel
1270 749 1421 818 primi
1448 765 1561 820 pec-

93 824 195 872 cati
217 839 590 893 nonnunquam
614 819 992 893 complectitur.
1020 841 1060 891 3.
1085 839 1180 892 pro
1201 825 1560 894 corruptione,

93 913 245 966 quam
259 897 467 951 actualis
486 895 840 952 inobedientia
854 899 1032 968 genuit
1046 899 1098 948 in
1115 895 1561 970 Adamo2quaeque

63 965 72 973 ’
92 969 195 1024 fuit
211 974 316 1026 eius
333 975 558 1044 primum
575 986 839 1046 peccatum
856 969 1129 1026 habituale.
1155 991 1210 1042 4.
1229 970 1448 1044 denique
1464 992 1559 1046 pro

94 1047 277 1100 eadem
296 1049 383 1102 illa
404 1052 734 1120 corruptione
749 1050 805 1100 in
824 1066 916 1100 nos
930 1044 1215 1103 transmiffa
1242 1050 1292 1102 ὃ(
1311 1066 1562 1122 propaga-

95 1121 149 1174 ta
162 1161 177 1188 ,
191 1138 298 1194 quae
314 1124 544 1178 nostrum
560 1123 772 1195 quidem
789 1137 1053 1195 peccatum
1066 1123 1135 1178 est
1146 1165 1162 1191 ,
1186 1125 1306 1194 quia
1321 1123 1471 1177 nobis
1484 1128 1561 1180 in-

98 1196 253 1251 haeret
286 1238 301 1264 ,
341 1217 435 1251 nos
464 1197 619 1253 afficit
651 1241 667 1266 ,
707 1202 758 1252 &
794 1198 1096 1253 denominat
1122 1222 1139 1263 ·‚
1174 1199 1359 1252 dicitur
1384 1213 1563 1256 tamen

99 1288 367 1344 peccatum
386 1273 579 1328 Adami
598 1289 652 1329 vt
668 1273 895 1329 authoris
911 1314 927 1340 ,
948 1288 1006 1328 vt
1031 1276 1184 1347 primi
1205 1273 1362 1329 veluti
1381 1272 1566 1346 po'ffes-

98 1345 225 1403 soris
242 1388 257 1414 ,
279 1365 334 1402 vt
351 1347 513 1403 fontis
534 1350 670 1406 vnde
692 1350 758 1403 a'd
781 1368 874 1402 nos
898 1349 1136 1404 defluxit.
1179 1351 1234 1404 Si
1255 1348 1355 1402 hoc
1377 1349 1565 1404 vltimo

99 1423 264 1478 modo
284 1423 510 1480 sumatur
529 1428 753 1498 primum
777 1423 971 1480 Adami
992 1439 1261 1498 peccatum
1290 1466 1306 1492 ,
1331 1427 1417 1477 aio
1440 1425 1568 1480 illud

103 1499 345 1554 omnibus
369 1500 561 1555 Adami
595 1502 804 1572 posteris
833 1500 858 1574 (
877 1519 980 1556 vno
998 1539 1014 1566 ,
1050 1503 1104 1552 in
1125 1519 1230 1571 quo
1258 1500 1432 1554 locum
1454 1501 1568 1556 nul-

100 1573 209 1629 lum
241 1575 421 1629 habuit
442 1616 457 1642 ‚
476 1576 686 1633 Christo
710 1590 930 1650 excepto
951 1573 975 1648 )
1009 1578 1255 1646 imputari
1277 1616 1292 1642 ,
1315 1575 1482 1630 donec
1502 1577 1568 1631 ab

99 1667 163 1702 eo
185 1669 271 1723 per
285 1651 545 1706 Christum
566 1650 897 1720 justificentur
913 1691 927 1717 ‚
947 1669 1236 1723 eorumque
1261 1650 1571 1707 sententiam

100 1727 207 1794 jure
223 1726 523 1782 damnatam
544 1730 570 1782 ὲ
587 1726 802 1799 Synodo
819 1726 1196 1783 Carentonenfi
1213 1728 1434 1780 arbitror
1449 1768 1465 1792 ,
1482 1732 1571 1798 qui

103 1800 205 1854 hoc
223 1802 435 1874 quidem
455 1819 721 1876 peccatum
744 1800 1014 1875 agnoscere
1038 1799 1086 1853 se
1103 1800 1426 1874 profitentur,
1443 1804 1571 1857 nulli

100 1889 278 1930 tamen
311 1880 550 1950 imputari
574 1919 588 1944 ,
632 1881 983 1950 quamtumvis
1020 1876 1218 1930 infideli
1249 1897 1259 1928 ε
1298 1875 1397 1932 effe
1431 1881 1574 1932 enim

105 1951 207 2004 hoc
227 1950 407 2005 saeculo
429 1956 513 2024 qui
541 1954 594 2005 id
615 1955 836 2006 doceant
856 1954 1007 2006 editis
1033 1952 1175 2007 libris
1197 1954 1407 2009 testatur
1423 1958 1473 2008 ὃ(
1489 1955 1577 2007 de-

106 2026 275 2099 plorat
297 2027 451 2099 paulo
485 2044 602 2081 ante
625 2029 828 2083 obitum
853 2026 999 2084 suum
1023 2031 1075 2082 in
1097 2029 1320 2102 quadam
1344 2029 1576 2102 Epistola

106 2101 422 2158 doetiffimus
437 2104 706 2161 VValaeuS.
724 2104 970 2160 Similiter
991 2103 1024 2158 si
1046 2107 1205 2159 tertio
1226 2105 1388 2161 modo
1409 2101 1578 2159 suma-

103 2193 191 2232 tur
210 2221 225 2246 2
253 2177 419 2233 fateor
440 2181 589 2234 nobis
610 2184 891 2254 imputari,
911 2200 1019 2235 non
1042 2198 1219 2235 tamen
1241 2181 1341 2254 qua
1365 2180 1498 2233 hat-fit
1522 2184 1577 2234 in

107 2253 319 2310 Adamo
346 2295 361 2322 ,
393 2253 478 2309 sed
506 2275 605 2329 qua
634 2259 687 2308 in
718 2276 812 2309 nos
832 2255 1057 2322 tranfiit,
1085 2274 1172 2322 ae,
1193 2272 1250 2309 vt
1276 2256 1442 2310 verbis
1468 2272 1579 2310 vtar

110 2329 352 2396 Caluini,
374 2337 483 2402 quia
504 2338 632 2385 intra
654 2353 736 2385 nos
755 2335 818 2403 est
833 2357 845 2384 .·
868 2333 938 2387 est
956 2335 1097 2387 enim
1123 2332 1290 2386 nostra
1312 2335 1580 2403 corruptio

112 2402 429 2461 haereditaria
451 2407 634 2461 eadem
661 2405 824 2481 specie
848 2426 965 2462 cum
989 2406 1075 2460 illa
1090 2448 1105 2475 ,
1128 2427 1236 2479 quae
1262 2407 1396 2460 olim
1413 2406 1510 2460 fuit
1526 2410 1583 2461 in

114 2477 357 2546 Adam03
377 2502 434 2539 ac
459 2482 619 2556 quam
640 2481 784 2538 suam
811 2500 1050 2539 naturam
1073 2526 1088 2551 2
1110 2483 1221 2538 tam
1245 2481 1390 2537 suam
1410 2501 1583 2539 corru-

115 2556 352 2627 ptionem
375 2559 625 2616 moralem
661 2557 933 2617 nobiscum
965 2559 1198 2617 Adamus
1233 2562 1586 2614 communica-
