2018 2844
0 88 3 143 ἱ
294 81 590 146 ,DEAR0.
627 110 654 140 -ε
696 82 1289 159 Rou.v.13.&seqq.
1476 107 1575 159 395

94 160 267 210 maliter
281 189 296 211 ‚
320 159 393 207 sed
408 162 667 222 imputatiue
680 193 694 215 ,
724 180 813 209 non
828 160 1066 209 subieffiue
1087 161 1158 208 sed
1175 159 1355 207 relatiue
1373 168 1583 223 peccato<

97 240 165 272 res
181 239 235 270 ex
252 224 344 270 Ada
354 243 428 272 mo
444 226 656 273 nascimur
668 258 682 279 ,
702 230 806 274 vicit
819 226 1000 290 Pighius
1013 257 1029 279 ‚
1051 232 1092 274 δι
1106 226 1323 289 originale
1341 230 1492 271 vitium
1506 230 1576 273 in.

96 287 260 335 haereus
285 305 358 338 aut
378 291 545 337 nullum
561 291 620 337 est
635 321 650 343 ‚
672 307 747 337 aut
774 308 862 338 non
880 291 940 336 cst
966 291 1062 336 vere*
1080 306 1307 353 peccatum
1320 305 1472 335 ornnes
1489 291 1576 337 ho-

95 355 235 400 mines
249 369 398 400 coram
421 360 520 403 Deo
535 370 631 401 reos
651 371 878 419 peragens.
927 355 1163 403 Nascimur
1177 354 1359 416 quidem
1373 385 1387 406 ,
1408 358 1577 415 inquiet

95 417 211 464 forte
236 420 394 480 aliquis
412 450 424 471 ‚
453 435 705 483 peccatores
721 421 988 470 formaliter,
1016 419 1088 464 sed
1103 418 1229 464 huius
1249 421 1419 482 peccati
1439 418 1572 466 inhar-

91 483 226 530 tentis
246 488 462 531 rationem
494 484 578 529 hoc
604 485 708 529 loco
732 501 822 530 non
845 485 972 531 habet
989 487 1028 529 A
1035 482 1256 545 postolos,
1277 487 1382 545 quia
1397 499 1484 529 non
1500 485 1572 531 lo-

95 552 250 610 quitur
269 546 325 594 de
347 546 725 601 sanetificatione‚
750 548 825 595 sed
856 552 911 595 de
937 546 1266 595 iustificatione.
1319 546 1420 592 lino
1445 549 1572 601 veto,

93 614 277 674 inquam
295 646 307 665 ,
324 613 444 659 huius
464 616 629 676 pec-cati
644 642 658 666 ‚
678 615 782 675 quia
796 613 850 659 de
863 611 1170 660 iustificatione
1186 613 1387 674 loquitur
1402 641 1415 663 ,
1437 610 1573 671 habe-3

92 692 141 724 re
155 679 371 723 rationem
385 693 484 725 eum
499 678 646 723 decuit
659 707 672 729 ‚
703 677 916 740 fiquidem
934 676 995 723 est
1015 676 1114 723 vete
1133 692 1360 740 peccatum
1374 706 1388 728 ‚
1416 681 1459 722 &
1472 694 1570 723 orn-
1608 706 1610 708 -

93 756 170 786 nes
191 741 385 789 homines
409 758 506 789 reos
522 759 669 788 coram
687 746 793 790 Deo
810 747 978 807 peragit
993 772 1007 794 ,
1036 740 1338 802 omnibusque
1359 739 1571 788 damnan-

92 804 159 850 dis
179 803 332 852 sufficit
359 824 379 857 ,-
403 821 578 854 eatenus
593 810 709 854 enim
724 807 914 855 maxime
928 805 1224 854 iustificationi
1238 807 1508 869 opponitur,
1526 811 1572 854 &

87 868 145 915 ab
172 884 227 915 eo
256 869 519 919 iustificandi
545 872 720 919 fuimus.
756 872 840 919 Sed
863 872 1087 918 audiamus
1107 886 1197 932 qua
1208 875 1377 917 rarione
1391 871 1468 916 Vir
1485 869 1570 917 do-

88 932 189 981 &us
206 933 365 997 probet
379 952 459 982 nos
474 937 690 1000 imputata
706 935 866 984 Adami
881 935 1182 983 inobedientia
1195 951 1285 981 non
1299 933 1382 980 effe
1402 931 1572 994 formas

90 997 190 1044 liter
202 999 467 1046 constitutos
483 1016 747 1060 peccatores,

155 1065 202 1110 G
217 1067 257 1109 A
274 1065 336 1111 R.
402 1070 525 1112 Nam
551 1072 611 1111 ita
625 1081 848 1130 peccatores
870 1066 1142 1128 constituimur
1158 1100 1170 1117 ,
1198 1062 1398 1128 quomodo
1407 1063 1573 1126 fuimus

87 1134 134 1175 in
148 1129 337 1176 Adamo.
388 1133 457 1175 At
473 1137 516 1176 in
529 1131 700 1177 Adamo
719 1150 796 1176 non
810 1133 978 1194 fuimus
994 1132 1258 1194 formaliter,
1264 1127 1344 1188 fid
1366 1129 1570 1175 radicali-

86 1208 164 1240 ter.
222 1199 333 1260 Ergo
353 1210 480 1258 neque
508 1201 551 1240 in
575 1213 617 1240 eo
641 1196 723 1242 dici
747 1199 945 1260 possumus
970 1195 1146 1256 constitui
1162 1195 1404 1258 formaliter
1422 1208 1570 1257 pecca-

86 1274 189 1307 tores
203 1278 218 1313 ‚·
235 1261 316 1320 sed
341 1266 441 1322 quia
466 1261 578 1322 quod
599 1263 664 1305 ille
674 1263 778 1322 fecit
798 1288 810 1312 ,
846 1267 1074 1323 imputatur
1095 1261 1157 1304 eis
1182 1264 1254 1320 qui
1279 1264 1323 1301 in
1353 1258 1429 1320 ipso
1453 1273 1573 1304 erant

87 1326 333 1371 radicaliter
349 1358 363 1375 ,
387 1324 436 1370 id
463 1324 542 1385 est,
579 1338 629 1370 vt
650 1324 890 1386 loquebatur
903 1319 1093 1387 superius
1124 1322 1376 1388 Augustinus
1397 1353 1410 1375 ,
1433 1327 1504 1385 qui
1528 1327 1572 1366 in

78 1390 213 1454 stipsis
233 1390 357 1435 muln·
371 1390 497 1449 sunt,
511 1388 590 1451 fi'd
611 1394 655 1433 in
668 1389 838 1436 Adamo
861 1405 968 1435 vnus
1001 1388 1117 1434 homo
1141 1401 1274 1434 erant.

149 1499 182 1543 P
199 1496 232 1542 L
247 1500 286 1542 A
307 1497 370 1543 C.
438 1495 564 1555 Qid
580 1494 610 1541 fi
629 1494 869 1544 subsumam
883 1527 897 1550 ‚
914 1500 1035 1543 Atin
1045 1495 1218 1541 Adamo
1229 1495 1472 1558 nonfuimus
1485 1500 1570 1542 im-

81 1562 291 1629 putatiue‘.
346 1562 469 1624 Ergo
487 1577 632 1623 neque
648 1565 690 1608 in
711 1578 766 1608 eo
785 1562 869 1608 dici
901 1562 1124 1623 postumus
1145 1561 1352 1606 constitui
1378 1565 1572 1621 imputa·-

84 1629 175 1674 tine
209 1633 496 1689 peccatores?
520 1626 648 1690 Qd
675 1625 1013 1689 respondebitur
1034 1637 1048 1672 ἓ
1066 1623 1379 1689 Negabiturne
1408 1628 1572 1670 maior?

82 1692 254 1739 nullum
282 1694 416 1754 igitur
433 1689 495 1738 est
514 1690 595 1737 hoc
615 1707 925 1755 argumentum
940 1693 1040 1737 Viri
1062 1690 1206 1737 docti.
1253 1688 1572 1750 Negabiturne

87 1760 250 1802 minor?
262 1772 355 1803 non
372 1754 514 1820 potest
532 1774 544 1810 3
558 1754 783 1804 euidenter
797 1772 898 1803 vera
913 1754 989 1802 est:
1006 1771 1103 1799 nam
1118 1768 1264 1813 neque
1279 1752 1362 1798 esse
1373 1754 1569 1798 nostrum

86 1822 354 1880 imputatum
370 1822 430 1866 est
443 1820 623 1866 Adamo
641 1852 653 1872 ,
678 1837 823 1883 neque
850 1818 933 1864 esse
953 1818 1115 1864 Adami
1131 1822 1395 1876 impuratum
1410 1816 1470 1862 est
1485 1833 1571 1862 no-

87 1884 172 1930 bis,
224 1885 477 1938 Quomodo
507 1899 616 1945 ergo
633 1884 790 1930 fuimus
808 1883 1042 1930 inAdamo
1067 1889 1084 1930 ἓ
1112 1882 1388 1934 Radicalzter,
1411 1885 1575 1942 inquit.

85 1950 211 2012 Ergo
227 1978 239 2000 ‚
255 1952 434 2010 inquam
447 1980 459 2000 ,
489 1946 713 1994 constituti
729 1947 869 1994 sumus
887 1962 1137 2009 peccatores
1154 1951 1194 1991 in
1212 1952 1390 1992 Adamo
1404 1946 1574 1992 radica-

84 2013 200 2059 liter.
250 2015 353 2059 Hoc
388 2010 527 2074 posita
555 2016 721 2059 maiore
744 2011 979 2059 necessario
1009 2010 1218 2072 sequitur.
1282 2009 1409 2072 Qid
1435 2010 1572 2071 porro

83 2076 150 2132 ,est
165 2107 176 2128 ,
197 2074 321 2123 fuxffe
340 2081 381 2123 in
402 2077 574 2123 Adamo
589 2077 848 2128 radicaliter,
867 2076 942 2122 nifi
958 2107 971 2127 ,
993 2075 1210 2122 Adamum
1227 2073 1348 2121 fuxise
1365 2074 1571 2123 radicem,

86 2141 204 2190 vnde
244 2157 325 2188 nos
351 2157 566 2204 tanquam
588 2141 990 2205 ramiptodijmus?
1017 2141 1099 2186 cfle
1124 2140 1284 2186 Adarni
1310 2137 1433 2184 fuiffc
1461 2139 1576 2184 tadi-

86 2221 208 2259 (ειη,
232 2211 497 2271 principium
514 2238 527 2260 ,
555 2205 721 2253 causam
740 2206 877 2253 nostri
899 2204 980 2252 effe
1010 2213 1027 2254 ?
1052 2205 1176 2262 Quid
1191 2209 1272 2251 crit
1288 2220 1394 2267 crgo
1410 2202 1572 2248 consti·

85 2275 150 2318 tui
171 2274 419 2319 radicaliter
439 2288 690 2336 peccatores
705 2277 747 2319 'm
763 2273 938 2319 Adamo
953 2303 966 2325 ,
994 2269 1073 2318 nisi
1091 2271 1306 2317 Adamurn
1331 2270 1399 2315 vel
1413 2267 1576 2314 Atlanti

85 2351 315 2399 peccatum
345 2338 427 2385 effe
452 2337 669 2390 radicem,
694 2338 765 2384 vel
795 2340 1091 2402 principium,
1118 2338 1189 2383 vel
1216 2333 1388 2382 causam
1418 2363 1431 2385 ‚
1459 2331 1574 2378 vnde

87 2415 298 2463 tanquam
323 2419 467 2451 ramus
493 2419 667 2450 enatum
699 2401 759 2449 est
790 2417 1020 2467 peccatum
1045 2399 1241 2449 nostrum
1268 2408 1288 2449 ἓ
1312 2401 1414 2447 Hoc
1430 2411 1575 2443 autem

86 2464 234 2525 ipsum
252 2464 311 2513 est
327 2469 450 2530 quod
467 2467 559 2517 dixi
579 2500 592 2521 ,
609 2484 828 2532 praeeunte
843 2467 1085 2515 Chamiero
1102 2499 1115 2520 ,
1130 2483 1209 2513 nos
1224 2464 1307 2512 effe
1325 2462 1580 2510 inobedien-

79 2530 146 2595 ’ῃέ
176 2531 341 2594 {Adami
363 2533 624 2600 constitutos
655 2548 911 2598 peccatores
942 2530 1184 2597 causaliter.
1241 2529 1368 2600 Quid
1388 2532 1580 2574 enimin-
