2018 2844
0 0 5 84 f

0 87 3 168 >
331 105 935 162 Ram-ADPATRVM
969 126 1154 166 Loca,
1408 111 1514 184 '411

0 188 1 211 ³
31 182 108 239 ‘ex
132 178 397 255 hypothesi
430 220 446 247 ,
466 199 572 234 non
596 178 855 236 fuissemus
886 184 1092 256 proprie
1124 182 1386 259 loquendo
1411 227 1426 254 ‚
1456 201 1514 243 vt

0 275 2 290 ³
45 272 201 334 patet.
251 255 409 310 Nulla
425 258 564 309 euim
579 270 700 309 tunc
716 274 827 328 pars
844 259 998 313 nostri
1016 256 1114 314 fuit
1130 262 1335 325 ,immo
1355 279 1416 314 ne
1440 259 1514 316 se·

0 372 1 399 ἰ
35 346 163 388 men
184 332 394 402 quidem
411 346 524 396 ,aut
545 349 656 405 pars
676 329 881 385 seminis
893 351 956 386 ex
973 353 1077 406 quo
1091 333 1261 390 sumus
1282 353 1515 409 procrea-

0 430 1 454 ;
43 411 103 462 ti·
175 411 456 463 Generatio
477 406 544 460 est
568 409 791 459 mutatio
807 408 954 462 anon
976 408 1074 464 effe
1095 410 1159 464 ad
1181 408 1294 466 effe.
1356 411 1515 487 Qod

43 485 277 559 gignitur
298 523 313 548 ‚
336 499 422 537 aut
448 480 506 536 fit
525 521 540 542 ‚
562 481 681 535 ante
703 501 811 535 non
832 498 940 538 erat
965 504 975 536 :
1009 499 1239 541 attamen
1263 488 1517 560 praestrata

44 561 116 614 est
139 561 457 634 generationi
482 561 721 623 materia,
744 562 921 629 quaein
942 564 1120 635 genito
1142 576 1408 635 permanet
1425 601 1442 628 ,
1461 566 1516 619 δε

45 654 153 688 non
171 631 270 689 esse
301 636 462 707 geniti
491 673 506 699 ,
535 632 654 687 cum
684 637 868 707 inciPit
888 640 1118 709 generari
1140 676 1156 701 ‚
1175 640 1398 710 priuatio
1425 637 1517 705 est,

45 729 154 765 non
177 713 405 784 negatio.
464 708 565 764 Sed
590 708 706 764 cum
728 726 961 783 peccaret
986 711 1220 767 Adamus
1246 752 1263 779 ,
1283 711 1519 767 nondum

43 801 151 839 erat
171 789 441 858 quicquam
452 790 698 852 materiae,
712 787 847 841 vnde
865 791 1027 861 geniti
1050 789 1220 842 sumus
1239 829 1254 855 ,
1269 806 1334 840 ne
1347 807 1519 843 remo-

46 859 229 915 tiffime
251 861 475 933 quidem.
549 861 690 916 Nam
713 862 831 918 cum
854 882 991 916 anno
1014 863 1226 918 demum
1243 862 1520 918 centesimo

38 939 101 1006 1&
123 936 384 1010 trigefimo
405 941 522 992 vitae
546 937 739 991 Adami
763 954 911 992 natus
932 937 990 991 fit
1011 939 1136 992 Seth
1165 938 1413 992 secundus
1434 957 1520 1012 pa-

49 1029 161 1064 rens
185 1012 350 1067 noster
366 1053 382 1079 ,
410 1031 518 1066 non
536 1010 592 1065 fit
613 1013 887 1066 verisimile
905 1017 1010 1065 iam
1025 1028 1138 1069 tum
1155 1031 1271 1067 cum
1284 1012 1520 1068 Adamus

48 1090 352 1157 peccaret‚in
369 1105 432 1140 eo
445 1086 615 1141 semen
629 1086 774 1142 fuiffe
790 1108 893 1160 quo
909 1089 1123 1143 Sethum
1137 1092 1315 1162 genuit
1334 1109 1345 1140 :
1361 1089 1521 1160 quod,

48 1160 84 1215 fi
104 1162 268 1217 Vllum
288 1160 456 1216 fuisset
486 1168 540 1217 in
569 1166 800 1218 Cainum
824 1169 876 1218 &
908 1163 1135 1219 Abelem
1174 1161 1307 1217 effet-
1330 1162 1523 1219 insum-

48 1250 213 1307 ptum.
268 1239 451 1310 Itaque
473 1255 596 1294 tunc
618 1258 722 1292 non
745 1238 970 1305 fuimus',
992 1258 1099 1293 non
1120 1242 1226 1292 iam
1249 1239 1522 1311 priuatiue,

47 1309 135 1367 sed
158 1311 359 1385 prorsus
377 1313 634 1386 negatiue.
693 1315 794 1368 Sed
814 1316 938 1386 quid
958 1332 1087 1387 opus
1107 1313 1177 1367 est
1193 1315 1408 1386 probare
1426 1333 1523 1368 nos

52 1389 260 1459 proprie
290 1389 551 1459 loquendo
578 1408 684 1441 non
706 1385 849 1442 fuisse
871 1389 1073 1461 aliquot
1091 1408 1347 1442 annorum
1369 1389 1526 1443 milli-

51 1463 145 1516 bus
174 1479 451 1536 antequam
476 1463 574 1519 effe
595 1467 936 1537 inciperemus
960 1472 981 1522 ἒ
1010 1465 1125 1517 lam
1148 1462 1183 1517 fi
1204 1463 1294 1517 ista
1326 1464 1525 1518 locutio

52 1536 244 1593 fuimus
260 1543 313 1591 iu
337 1538 547 1595 Adamo
565 1581 580 1606 ‚
595 1542 803 1612 propria
824 1560 930 1593 non
951 1541 1019 1594 est
1041 1580 1057 1605 ,
1079 1538 1367 1592 reuocanda
1378 1541 1445 1594 est
1457 1539 1525 1596 ad

54 1618 319 1687 propriam
337 1654 352 1676 ‚
375 1614 1031 1673 κ’)ὃέὶαλὲκπονπῖςμεπφοῶκ-
1121 1614 1205 1667 uid
1228 1615 1353 1688 ergo
1370 1614 1524 1688 figni-

54 1686 171 1742 ficat
195 1690 400 1762 proprie
423 1697 445 1748 ἒ
465 1688 594 1743 nihil
621 1689 709 1743 nisi
727 1709 821 1743 nos
844 1691 1029 1743 ducere
1045 1693 1108 1744 ab
1130 1690 1340 1745 Adamo
1367 1694 1526 1762 origi·

58 1781 205 1817 nem:
231 1764 329 1819 effe
349 1763 654 1821 Adamieffe
669 1763 872 1819 causam
884 1764 1041 1819 nostri
1061 1763 1175 1820 effe.
1236 1764 1417 1841 Qalis
1439 1784 1527 1822 au·

56 1853 166 1892 tem
182 1841 250 1894 est
264 1839 446 1897 causa?
470 1861 577 1894 non
597 1838 874 1894 effentialis
893 1879 908 1901 ‚
935 1837 1019 1892 sed
1039 1840 1400 1908 accidentalis»,
1418 1860 1528 1896 non
1554 1880 1557 1881 γ

60 1918 300 1988 proxima
319 1959 332 1980 ,
356 1912 441 1968 sed
459 1929 659 1969 remota
680 1955 696 1982 ,
725 1933 833 1968 non
860 1917 1065 1987 propria
1082 1956 1097 1982 2
1113 1912 1198 1967 sed
1218 1919 1530 1984 communi5‚

64 1994 118 2045 &
140 2010 248 2062 quae
269 1992 335 2044 ad
351 2009 444 2044 nos
472 1990 762 2064 gignendos
778 2008 885 2043 non
915 1992 1081 2062 magis
1104 2008 1192 2061 per
1218 1986 1267 2042 se
1286 1990 1528 2059 contulit,

60 2067 220 2139 quam
244 2066 309 2120 ad
331 2065 525 2119 multos
544 2064 836 2142 gignendos
862 2106 878 2132 ,
901 2067 988 2135 qui
1016 2067 1164 2137 gigni
1198 2065 1408 2136 quidem
1440 2084 1533 2139 po·-

60 2155 271 2196 tuerunr
283 2183 298 2207 ,
313 2139 398 2196 sed
410 2158 583 2196 tamen
597 2140 798 2197 deferitu
817 2139 971 2194 causae
998 2142 1230 2213 proxime
1245 2143 1409 2212 geniti
1423 2161 1531 2195 non

61 2214 180 2272 sunt
201 2242 225 2284 23
248 2217 431 2290 quibus
452 2218 669 2273 libenter
691 2216 1001 2290 quaefiuerim
1026 2256 1041 2282 ,
1067 2233 1239 2268 annon
1259 2219 1416 2269 etiam
1436 2219 1534 2268 im-

35 2358 37 2361 *
64 2298 232 2366 putari
260 2294 444 2350 debeat
477 2293 605 2350 Adae
633 2309 915 2368 peccatum.
984 2294 1167 2349 Potuit
1193 2294 1334 2345 enim
1357 2290 1533 2347 Adam

64 2386 159 2422 eos
181 2370 401 2425 mediate
423 2374 474 2425 δέ
495 2371 696 2427 remote
723 2410 740 2437 2
766 2384 951 2436 vtnos‚
972 2371 1180 2441 gignere
1205 2387 1217 2418 :
1238 2368 1305 2421 Et
1329 2370 1416 2422 vix
1441 2386 1534 2439 po-

65 2445 387 2519 testintelligi
417 2486 432 2511 ‚
454 2449 733 2520 quomodo
756 2461 814 2499 vt
835 2448 950 2516 quis
980 2458 1099 2496 ante
1119 2446 1352 2515 quinque
1373 2461 1535 2495 anno-

69 2538 187 2597 rum
216 2520 380 2598 millia
398 2520 551 2599 {uerit
568 2565 585 2596 2
605 2524 695 2584 vel=
717 2541 825 2595 non
847 2519 1002 2596 fuerit
1017 2559 1033 2589 ,
1051 2516 1106 2574 id
1121 2518 1340 2592 pendere
1361 2517 1424 2572 ab
1445 2517 1538 2587 hog
