2018 2844
701 153 802 208 105

76 212 272 287 trantffl
303 211 431 267 dicit.
472 210 728 269 Dicantur
759 231 884 288 ergo
905 229 1084 267 omnes
1113 213 1349 270 homines
1367 235 1540 290 pecca-

78 288 145 345 sse
170 293 222 343 iu
260 288 479 350 Adamo
495 330 510 355 ,
530 287 761 344 modoid
784 290 1063 359 accipiatur
1082 290 1143 344 de
1169 307 1377 364 peccato
1401 294 1543 348 habi-

80 365 206 419 tuali
222 362 301 418 seu
325 369 657 437 corruptione
673 405 689 432 ,
712 364 836 435 quid
856 364 956 417 hoc
973 367 1118 433 juuat
1140 371 1546 440 imputatiouem

0 450 3 457 ⁴
78 440 468 494 antecedentem
510 449 532 499 ἒ
566 437 674 493 Aut
689 438 814 510 quid
835 458 964 512 opus
993 440 1063 493 est
1084 442 1547 499 adtalemillustra„

76 520 280 570 tionem
311 517 504 588 peccati
525 514 789 587 originalis
820 515 971 568 nobis
987 515 1131 569 nullo
1155 519 1318 571 modo
1361 539 1549 574 nocen-

81 605 189 644 tem
205 631 219 657 ‚
247 610 342 643 nos
362 589 701 663 respondere?

157 668 422 720 Pertendit
441 682 617 719 tamen
637 664 848 719 Placeus
869 668 922 718 in
942 665 1192 720 Thesibus
1214 666 1275 720 de
1306 667 1434 722 statu
1457 666 1551 720 ho-

0 796 11 809 ,
85 745 240 794 minis
256 741 376 814 lapsi
392 757 511 795 ante
545 744 812 808 Gratiam,
836 761 944 794 non
965 743 1262 815 magisinde
1279 743 1453 817 colligi
1477 741 1551 797 A·
1625 787 1630 790 .

84 816 225 869 dami
252 832 516 888 peccatum
531 817 681 869 nobis
705 820 971 890 imputari,
987 819 1145 888 quam
1163 817 1340 891 colligi
1366 818 1564 891 potest,

84 906 173 945 aut
194 907 401 963 peccata
425 892 709 948 Abrahami
733 932 748 957 ,
766 907 852 944 aut
874 894 981 961 ejus
997 891 1152 947 fidem
1170 894 1374 946 &bona
1396 912 1554 964 opera
1636 925 1639 929 ,

85 966 260 1019 eidem
274 968 401 1021 Leui
424 970 679 1040 imputata
694 963 871 1033 fuisse,
900 985 1010 1038 quae
1030 983 1210 1022 tamen
1230 971 1276 1019 ei
1299 971 1556 1038 imputata

86 1038 237 1095 fuiffc
257 1061 414 1096 nemo
447 1044 651 1096 dixerit.
691 1047 809 1098 Hoc
837 1042 1111 1097 confitetur
1131 1047 1203 1098 D.
1230 1041 1553 1099 Gariss'olius:

87 1116 191 1170 Sed
207 1134 361 1191 negat
377 1138 442 1171 eo
473 1117 574 1171 fine
593 1118 694 1171 hoc
727 1118 1089 1190 Apostolicum
1118 1120 1502 1174 Testimonium
1529 1117 1559 1170 ὲ

88 1205 171 1244 tot
196 1194 248 1244 δε
271 1197 429 1245 tantis
453 1193 742 1265 Theologis
766 1198 819 1244 in
843 1194 943 1247 hoc
959 1199 1175 1266 negotio
1192 1190 1560 1264 vsurpari.Non

91 1272 233 1327 enim,
257 1270 446 1338 inquit3
466 1268 574 1320 inde
587 1268 756 1321 direct}
776 1272 1014 1341 quisquam
1027 1272 1200 1341 colltgzt
1219 1270 1390 1321 Adami
1401 1286 1560 1343 pecca-

89 1359 191 1397 tum
212 1342 337 1396 noba
358 1349 594 1418 imputari.
635 1344 804 1398 Habet
821 1347 978 1417 igitur
998 1344 1209 1398 Placeus
1226 1344 1366 1415 quod
1378 1345 1564 1408 voluit,

93 1421 497 1491 imputationem
518 1420 881 1473 immediatam
921 1418 945 1493 (
964 1420 1025 1472 de
1043 1439 1142 1490 qua
1158 1418 1265 1473 sola
1281 1437 1402 1472 eum
1415 1436 1564 1492 agere
1586 1436 1587 1439 ’
1618 1438 1621 1441 ·

97 1508 240 1565 patet
261 1495 438 1549 exTh.
466 1492 605 1566 vu.)
639 1513 746 1546 non
767 1491 905 1566 poffe
928 1494 1132 1566 probari
1154 1513 1215 1547 ex
1234 1494 1481 1546 hocloco.
1496 1493 1565 1545 Il-

96 1569 143 1621 le
159 1571 298 1622 enim
335 1568 399 1623 sic
431 1570 898 1643 argumentabatur.
951 1573 1077 1642 Qae
1099 1568 1336 1624 doCtrina
1358 1568 1422 1620 ad
1457 1568 1571 1621 reli-

89 1646 314 1715 gionem
335 1642 562 1716 speetaus
584 1664 690 1697 non
719 1645 884 1716 potest
911 1648 1117 1716 probari
1141 1663 1204 1698 ex
1221 1643 1368 1696 sacris
1390 1643 1570 1710 literis,

99 1736 160 1770 ea
180 1719 249 1771 est
269 1720 561 1788 reijcienda.
584 1722 838 1772 Do&rina
862 1719 923 1772 de
938 1723 1286 1794 imputatione
1302 1719 1574 1771 immedia-

99 1808 154 1846 ta
189 1796 555 1848 inobedientiae
576 1795 787 1848 aetuans
822 1794 1140 1849 Adaminon
1174 1794 1341 1868 potest
1366 1794 1572 1865 probari

85 1887 171 1923 ex
205 1866 354 1922 sacris
377 1871 552 1924 literis.
593 1873 736 1941 Ergo
759 1871 826 1925 est
850 1872 1139 1940 reijcienda.

181 1946 352 2013 Major
385 1964 489 1998 non
514 1948 680 2017 potest
697 1951 724 1998 a
746 1944 1055 2000 Reformato
1079 1948 1252 1998 vocari
1269 1949 1322 1997 in
1343 1942 1573 1997 dubium.

106 2019 357 2074 Minorab
379 2038 443 2071 eo
464 2020 526 2073 sic
545 2020 870 2092 probabatur.
899 2024 952 2075 Si
982 2042 1090 2094 quae
1112 2018 1224 2073 sunt
1238 2017 1383 2072 sacrae
1399 2020 1578 2086 literae,

106 2112 171 2146 ex
197 2095 379 2166 quibus
394 2094 481 2148 illa
496 2092 778 2168 imputatio
800 2097 1008 2168 probari
1027 2094 1195 2169 poffit,
1214 2095 1314 2147 illae
1337 2108 1582 2165 petuntur

106 2170 356 2243 praecipue
375 2189 438 2223 ex
455 2188 564 2244 cap.
585 2190 632 2224 v.
658 2172 814 2241 Epist.
830 2172 892 2224 ad
911 2175 1067 2227 Rom.
1090 2169 1215 2232 Vsa
1228 2189 1272 2222 2.
1300 2175 1350 2223 &
1375 2166 1510 2240 seqq.
1527 2174 1582 2224 δε

106 2240 389 2300 Heb'r.v11.
416 2249 510 2306 Vs.
535 2271 585 2313 9.
608 2266 666 2300 ιο
691 2282 702 2294 .
727 2246 828 2299 Sed
845 2266 908 2298 ex
928 2246 1170 2299 illislocis
1192 2264 1296 2297 non
1312 2246 1475 2315 potest
1496 2242 1584 2295 illa

62 2353 70 2363 ‚
108 2322 391 2392 imputatio
405 2323 625 2394 probari.
658 2322 799 2395 Ergo
818 2341 923 2375 non
950 2323 1115 2394 potest
1131 2320 1337 2393 probari
1358 2336 1419 2372 ex
1435 2317 1584 2372 sacris

117 2393 295 2448 literis.
317 2432 324 2442 .
940 2406 950 2419 ·‘
1286 2418 1299 2423 “

179 2470 281 2522 Sed
300 2469 509 2526 fortaffe
526 2493 588 2527 ex
606 2471 706 2526 hoc
728 2471 846 2525 loco
866 2472 1111 2544 colligere
1134 2469 1300 2543 potest
1316 2468 1496 2541 aliquis
1515 2471 1591 2519 in-

117 2542 283 2597 direci&
303 2584 318 2607 ,
346 2564 611 2618 peccatum
631 2547 828 2604 Adami
845 2551 1039 2604 actuale
1060 2546 1209 2601 nobis
1228 2547 1474 2618 imputari
1494 2546 1594 2595 im-
