2018 2844
1127 123 1149 161 1
1197 122 1221 160 2
1903 161 1908 163 e

437 168 536 230 iridi
553 175 812 246 compluti:
830 180 920 229 Sed
935 184 981 228 in
1002 123 1306 246 quibu3n1hi1
1320 179 1416 230 fere
1434 178 1756 240 aniinaduerti',
1773 183 1904 252 quo-d

437 263 532 293 non
551 247 730 312 legatur
761 249 806 290 in
835 246 1012 312 scriptis
1027 245 1456 313 Typographorum
1475 247 1618 312 opera
1635 250 1897 313 publicatis;

437 310 470 357 fi
499 317 702 376 primum
723 309 839 356 illud
859 305 1055 376 excipias
1071 348 1081 364 ‚
1096 315 1168 358 cui
1185 312 1369 360 Placeas
1388 313 1798 377 manuscripto‘illo
1815 317 1905 366 res-

437 376 609 440 pondit
623 410 634 427 ‚
656 373 788 438 quod
801 371 860 422 D]
878 374 1145 423 Garissolius
1164 379 1385 441 posterius
1399 377 1669 442 appellauit,
1693 383 1790 424 &in
1807 399 1904 446 quo

445 439 1638 506 refellendomagnampartemlibrisuiconsumpfit.
1720 449 1911 493 uareni-
1955 483 1969 498 ,-
2010 459 2018 515 ξ

440 501 507 548 hil
530 503 646 550 mihi
666 503 850 552 videtur
869 505 1122 554 consultius
1138 540 1150 560 ,
1182 507 1323 571 quzi'm
1348 511 1774 572 vtmanuicriptum
1791 505 1910 557 illud

434 566 586 615 Placei
603 569 718 623 tibi,
736 573 903 618 Lector
918 605 931 624 ‚
949 570 1191 618 exhibeam
1210 575 1339 630 (Cur
1354 575 1478 618 enim
1494 576 1541 617 in
1555 570 1643 618 illis
1660 591 1909 637 argumen-

435 635 494 679 tis
509 633 581 680 vel
594 635 1009 699 proponendis,vel
1022 635 1276 683 refutandis
1294 652 1482 701 operam
1499 654 1646 683 meam
1662 653 1905 702 ponerem,

437 695 542 743 curn
558 700 605 758 id
629 704 721 761 jam
737 697 882 746 fuerit
900 700 956 747 ab
981 700 1081 764 ipso
1101 699 1268 749 Placeo
1283 701 1558 766 praestitum?
1577 707 1591 761 )
1613 720 1663 748 ac
1679 737 1692 755 ‚
1713 703 1904 765 quando

435 759 486 806 id
502 762 703 809 refutare
718 762 871 810 voluit
887 768 948 812 D.
966 764 1232 812 Gariss'olius
1249 799 1261 818 ‚
1279 765 1466 829 ejusque
1484 767 1638 830 paffim
1651 764 1840 814 frustula
1855 773 1904 815 δε

435 822 624 874 lacinias
650 827 931 893 transcripsit
955 834 1000 875 in
1023 830 1152 877 suum
1169 830 1338 877 librum
1356 865 1368 883 ‚
1387 837 1434 877 &
1453 865 1465 884 ,
1484 845 1709 893 quantum
1735 836 1910 895 potuit,

435 889 727 945 confutatur,
747 894 986 957 subjiciam
1010 893 1297 960 singulisillis
1324 895 1562 959 particulis
1589 896 1814 944 viriillius
1837 915 1909 943 re-

432 955 765 1017 prehensiones
781 990 793 1010 ‚
811 958 973 1024 hisque
988 960 1092 1024 ipsis
1116 959 1265 1007 Placei
1286 958 1589 1007 defensiones.
1626 964 1695 1006 Ita
1712 964 1907 1024 poteris,

431 1022 600 1068 Lector
618 1022 882 1086 aequiffime‚
903 1023 1159 1070 admodum
1180 1022 1330 1076 facile,
1352 1031 1397 1071 &
1417 1028 1528 1070 citra
1544 1025 1729 1072 errandi
1745 1024 1906 1081 aleam,

363 1097 367 1100 ’
432 1082 489 1129 de
510 1101 608 1132 tota
633 1087 718 1132 hac
736 1087 865 1133 causa
889 1087 1196 1152 cognoscere,
1223 1088 1506 1151 &judicium
1528 1088 1663 1136 ferre.
1700 1090 1749 1137 id
1775 1091 1909 1154 quod

432 1147 611 1213 alioqui
629 1148 816 1197 difficile
829 1186 842 1205 ,
861 1151 917 1198 ne
932 1153 1081 1199 dicam
1098 1151 1394 1218 impossibile,‘
1409 1152 1547 1206 foret.
1579 1159 1665 1201 Vix
1680 1158 1801 1201 enim
1815 1172 1908 1218 qua
1930 1214 1933 1216 ,

428 1229 585 1261 mente
602 1251 614 1268 ‚
640 1234 743 1279 >quo
772 1216 899 1263 sensu
929 1217 1139 1282 quidque
1167 1218 1342 1264 dietum
1366 1216 1506 1264 fuerit
1529 1253 1542 1272 ‚
1565 1217 1684 1265 bene
1711 1219 1909 1284 perspici

423 1281 576 1339 potest
591 1316 603 1332 ‚
627 1281 730 1328 cum
750 1279 909 1327 lacerae
926 1281 1109 1329 tantum
1123 1316 1136 1334 ,
1157 1288 1201 1329 δε
1221 1281 1434 1329 suislocis
1459 1282 1672 1336 reuulsae,
1700 1302 1750 1330 ac
1764 1285 1910 1332 veluti

426 1341 591 1390 luxatae
611 1351 658 1392 δε
675 1344 892 1409 dissipatae
912 1362 1062 1412 partes
1077 1347 1300 1394 sermonis
1317 1346 1492 1412 legenti
1510 1346 1786 1405 offeruntur.
1809 1354 1914 1398 Ne·
1942 1353 1949 1358 ”

425 1423 517 1469 que
534 1410 594 1454 est
612 1411 742 1473 qubd
758 1412 1002 1474 quisquam
1017 1427 1268 1475 propterea
1286 1409 1565 1459 offendatur.
1588 1415 1634 1459 Si
1650 1413 1770 1477 quid
1786 1418 1909 1463 enim

425 1473 474 1516 in
489 1490 544 1518 eo
564 1472 734 1538 scripto
753 1475 1108 1538 reprehensione
1128 1476 1323 1542 dignum
1340 1477 1417 1529 est,
1432 1475 1480 1522 id
1496 1479 1610 1523 iniis
1624 1477 1910 1543 potiffirnum

425 1536 637 1599 partibus
665 1537 835 1585 habere
864 1539 1024 1588 locum
1049 1541 1309 1605 putandum
1334 1541 1421 1595 est,
1452 1558 1551 1604 quae
1572 1547 1664 1604 jam
1685 1542 1786 1590 sunt
1805 1543 1909 1595 AD.
1942 1580 1967 1586 J

426 1600 676 1659 Gariffolio
695 1603 909 1667 vulgatae.
933 1610 1051 1653 Non
1065 1624 1120 1652 eo
1139 1605 1330 1669 quidem
1347 1605 1539 1653 consilio
1556 1607 1579 1653 ὰ
1595 1606 1762 1654 Placeo
1778 1627 1911 1657 com-

426 1664 631 1729 positum
647 1667 799 1715 fuerat
817 1685 866 1715 vt
894 1670 1135 1723 ederetur,
1163 1677 1206 1717 &
1237 1688 1289 1715 cx
1314 1674 1457 1716 nimia
1483 1670 1779 1718 festinatione
1796 1678 1910 1720 irre-

423 1730 554 1793 psere
571 1730 757 1778 fortasse
777 1733 1019 1786 nonnulla,
1036 1733 1064 1779 fi
1078 1751 1159 1798 per
1175 1738 1325 1779 otiu-m
1340 1731 1537 1781 licuisset
1551 1740 1733 1789 autori,
1753 1754 1912 1784 emen-

423 1793 579 1841 danda
593 1812 732 1859 atque
748 1796 1055 1860 expolienda:
1076 1814 1230 1844 tamen
1248 1815 1304 1844 ne
1324 1798 1540 1845 voculam
1562 1799 1754 1862 quidem
1769 1802 1911 1851 tolle-

423 1875 496 1910 re,
519 1858 689 1907 addere
709 1893 722 1914 ,
751 1876 827 1907 aut
852 1878 1030 1910 mutare
1057 1862 1321 1915 voluimus,
1348 1879 1405 1910 ne
1430 1866 1533 1927 quis
1552 1863 1608 1909 dc
1634 1867 1790 1917 nostra
1814 1867 1906 1921 fide

421 1922 497 1971 vel
524 1925 800 1986 synceritate
827 1931 1054 1990 conqueri
1081 1927 1244 1991 poffet.
1308 1927 1649 1991 Qalecunque
1692 1931 1754 1976 est
1779 1966 1793 1985 ‚
1834 1936 1926 1981 Tu·
1977 1949 1981 1954 ·

424 1989 667 2054 aequiffime
693 1992 888 2044 Laikos„
914 1992 1032 2039 illud
1051 1996 1168 2057 aequi
1188 1992 1396 2056 bonique
1417 1992 1624 2040 consules
1642 2029 1655 2047 ‚
1679 1995 1905 2062 quodque

421 2062 518 2120 ejus
535 2059 705 2119 integri
734 2054 948 2120 legendi,
979 2057 1216 2121 totiusque
1241 2058 1364 2104 istius
1389 2058 1719 2105 controuerfiae
1738 2060 1910 2123 dijudi-

423 2120 578 2167 candae
595 2124 780 2183 copiam
798 2120 885 2166 tibi
901 2119 1094 2171 facimus
1110 2157 1121 2176 ‚
1136 2126 1215 2168 'aut
1233 2122 1429 2172 habebis
1445 2122 1582 2172 nobis
1602 2127 1817 2188 gratiam,
1830 2141 1908 2191 aut

421 2183 582 2250 sgltem
606 2202 704 2233 non
728 2188 895 2251 iniquo
923 2193 1080 2238 animo
1105 2186 1246 2255 feresg
1420 2189 1432 2192 ”
1767 2189 1786 2191 “’
1820 2198 1841 2219 ⁵
1889 2191 1918 2207 '⁷
