2018 2844
769 137 788 174 1
831 139 853 176 1

85 191 291 256 Nos-ne
316 193 454 251 idem
482 190 602 249 cum
623 192 723 248 illis
746 138 993 251 hae3reticis
1020 191 1265 253 sentimus
1289 207 1309 259 ἒ
1334 199 1455 256 'imo
1482 205 1556 258 eis

82 273 500 327 contradicimus.
541 270 791 344 Aliquam
807 277 948 328 enim
964 270 1060 328 effe
1077 272 1215 346 posse
1232 276 1414 345 justam
1430 276 1551 330 alie-

8 369 11 371 *
83 353 137 402 ni
160 354 354 421 peccati
373 350 773 421 imputationem
788 349 1040 403 credimus
1056 390 1070 415 ,
1103 354 1154 404 &
1178 352 1449 412 docemus;
1473 356 1488 404 i
1496 372 1552 425 p·

82 423 276 498 fiusque
291 429 439 499 primi
452 423 574 480 Adae
590 427 783 495 peccati
804 428 1210 496 imputationem
1226 428 1554 482 admittimus

88 500 486 572 consequentem
508 495 588 553 seu
615 498 912 553 mediatam.
949 500 1102 556 Adde
1125 503 1266 571 quod
1290 521 1396 555 non
1417 507 1469 555 in
1492 523 1553 557 ea

82 573 368 643 sententia,
404 574 563 628 sedin
586 573 865 647 dogmate,
897 575 1037 647 quod
1071 577 1192 629 inde
1225 578 1442 648 probare
1474 577 1550 631 sa-

83 652 330 724 tagebant
353 693 369 719 ,
389 647 739 704 absurdiffimo
753 666 935 705 eorum
955 651 1043 706 sita
1065 669 1172 705 erat
1194 651 1404 706 haerefis.
1447 653 1552 707 Ita-

83 735 181 797 que
204 747 331 799 quos
352 727 480 781 duos
501 727 645 781 testes
668 726 840 783 laudat
857 730 928 783 D.
951 732 1018 784 G.
1039 731 1322 802 Origenem
1337 729 1478 782 hom,
1500 733 1550 784 8.

81 803 136 853 in
161 802 324 857 Exod.
354 807 405 857 &
429 804 811 875 Hieronymum
840 807 1056 858 Comm.
1079 807 1133 857 in
1163 804 1351 858 Ezech.
1374 824 1552 859 xvru.

86 894 127 930 1·
150 895 194 931 2.
212 894 299 931 eos
322 878 502 931 ambos
525 877 699 931 laudat
719 893 896 932 contra
919 876 984 931 se.
1027 878 1169 933 Cum
1199 881 1340 933 enim
1369 884 1555 953 Orige-

81 970 170 1004 nes
187 952 471 1025 protulisset
487 953 574 1007 illa
586 953 738 1008 verba
753 994 768 1020 ,
785 971 892 1025 quae
907 956 977 1008 D.
994 958 1059 1010 G.
1076 956 1272 1007 recitat.
1296 955 1552 1009 Videamus

75 1029 296 1100 quomodo
316 1030 446 1082 reddi
465 1030 680 1082 dicantar
684 1046 868 1103 peccata
881 1045 1074 1104 patrum
1095 1031 1280 1098 infilios
1291 1036 1343 1083 in
1363 1036 1551 1083 tertiam

76 1101 135 1161 ὠ
149 1121 363 1176 quartam
372 1111 730 1178 generationem.
774 1117 838 1159 In
857 1106 938 1158 hoc
954 1106 1455 1177 enimstrm'oneftlent
1469 1128 1555 1160 nos

75 1180 533 1256 haereticistggjllare
553 1220 567 1242 ,
604 1176 733 1254 qubd
746 1183 918 1250 nonstt
936 1181 1040 1234 boni
1059 1181 1306 1251 Dez'strmo
1324 1221 1338 1241 ‚
1377 1187 1457 1255 qui
1467 1201 1556 1258 pro

61 1258 260 1330 peccata&
279 1258 465 1310 alterius
487 1259 681 1308 alteram
699 1257 847 1328 pleffi
870 1257 1009 1308 dicat.
1059 1255 1168 1311 Res
1161 1257 1475 1328 pondet-ne,
1501 1256 1557 1312 id

78 1333 219 1401 quod
231 1335 298 1387 D.
316 1337 383 1389 G.
409 1330 749 1404 respondisset
767 1333 896 1397 ‚hoc
909 1333 1126 1386 minime
1143 1328 1240 1385 esse
1262 1332 1508 1401 injustum
1533 1340 1556 1391 ἓ

77 1405 198 1462 Imo
222 1408 340 1463 cum
361 1407 604 1478 injustum
623 1408 675 1460 id
692 1422 892 1479 putaret
909 1448 925 1474 s
939 1406 1261 1479 minimeque
1277 1409 1454 1465 Deum
1472 1409 1559 1462 de-
1603 1453 1608 1461 a

79 1498 190 1535 cere
208 1523 223 1549 ,
245 1481 486 1557 confugit
504 1483 569 1535 ad
590 1481 788 1537 sensum
807 1483 1225 1555 metaphoricum
1241 1523 1256 1549 ,
1286 1488 1334 1537 &
1357 1503 1447 1556 per
1469 1502 1558 1557 pa-

79 1573 245 1612 rentes
266 1560 488 1631 intelligi
509 1558 977 1616 voluitDiabolum
1003 1562 1055 1612 δε
1072 1558 1286 1632 angelos
1310 1561 1417 1611 eius
1432 1598 1447 1624 ,
1468 1577 1558 1630 per

82 1631 218 1686 filios
249 1652 308 1687 ac
331 1638 551 1707 primam
589 1637 984 1707 generationem
1007 1652 1096 1686 eos
1134 1652 1263 1704 quos
1296 1635 1558 1688 Diabolus

77 1704 380 1764 immediate
399 1707 626 1777 seducit,
657 1728 744 1782 per
758 1707 1031 1762 secundam
1047 1726 1135 1760 eos
1156 1711 1240 1780 qui
1265 1710 1327 1762 ab
1345 1709 1421 1761 his
1440 1729 1557 1782 pro—

45 1812 47 1814 -
75 1785 216 1839 xime
239 1783 652 1858 seducuntur‚per
673 1788 883 1838 tertiam
899 1788 947 1838 &
967 1798 1203 1856 quartam
1220 1803 1309 1838 eos
1335 1804 1466 1856 quos
1494 1785 1550 1838 hi

81 1859 162 1912 vel
185 1859 351 1914 socios
382 1902 397 1929 ,
432 1861 516 1916 vel
545 1861 871 1929 administros
907 1863 1100 1932 peccati
1133 1858 1223 1913 fibi
1249 1860 1557 1934 adjungunt.

81 1939 193 1989 Hos
209 1951 384 1989 autem
404 1935 641 1989 homines
658 1935 794 1991 filios
813 1935 1008 1988 diaboli
1027 1939 1214 2006 corripi
1241 1939 1291 1988 &
1310 1940 1478 2009 puniri
1504 1940 1560 1990 in

82 2010 184 2064 hoc
196 2007 366 2064 seculo
385 2052 400 2079 ‚
431 2027 486 2065 vt
510 2010 796 2066 seruentur:
818 2010 1146 2064 diabolorum
1164 2012 1291 2064 vero
1306 2051 1321 2077 2
1339 2010 1562 2084 quisunt

80 2104 262 2139 eorum
293 2092 530 2160 parenfes
555 2128 569 2154 ‚
594 2085 897 2160 supplicium
925 2085 1119 2141 differri
1144 2090 1199 2139 in
1225 2086 1456 2141 futurum
1488 2087 1560 2140 se-

78 2162 266 2216 culum.
329 2162 416 2218 Ad
437 2167 818 2236 Hieronymum
846 2170 1020 2215 autem
1041 2162 1183 2233 quod
1205 2167 1392 2216 attinet
1415 2203 1429 2228 ,
1453 2165 1560 2215 eius

82 2238 296 2310 quidem
318 2257 380 2292 ea
401 2237 515 2293 sunt
536 2240 690 2294 verba
708 2279 723 2304 2
749 2257 859 2310 quae
889 2240 957 2292 D.
987 2242 1053 2293 G.
1086 2236 1275 2291 laudat.
1308 2239 1407 2292 Sed
1432 2258 1561 2310 quo-

82 2315 243 2368 modo
267 2313 465 2369 nodum
497 2315 640 2369 illum
666 2313 822 2368 soluit
853 2319 874 2370 ἓ
917 2312 1189 2386 quomodo
1221 2313 1374 2368 verba
1393 2317 1561 2368 Deca-

84 2381 225 2461 logi,
250 2396 330 2461 qui
342 2390 1160 2466 reddopeccatapatrumspperfilios
1172 2386 1268 2447 &a
1315 2392 1562 2462 interpre-

84 2473 261 2525 tatur?
284 2466 440 2520 Num
469 2487 527 2521 ea
553 2508 568 2533 ,
588 2467 709 2522 ficut
735 2469 805 2522 D.
838 2470 903 2522 G.
932 2467 993 2518 de
1012 2469 1563 2537 imputationeimme-

88 2538 230 2596 diat&
252 2545 436 2617 accipit
464 2550 485 2604 ἒ
517 2543 684 2608 Nullo
707 2544 886 2601 modO.
918 2541 1203 2598 scandalum
1231 2583 1245 2606 ,
1276 2545 1445 2617 inquit
1467 2542 1562 2595 ibi-
