2018 2844
1584 38 1593 59 s

475 119 586 195 ἱῖὄ
724 135 735 141 ”
852 119 1019 175 MAN·
1058 121 1248 175 Posr.
1291 117 1557 174 CAp.11.

461 197 633 260 subeat,
665 199 716 247 (ῤ’
730 196 803 241 vel
806 212 946 260 poenas
960 195 1048 248 det,
1075 191 1393 256 velcerte'poenis
1406 195 1549 258 dignm
1572 193 1834 255 existimetur.
1873 199 1944 244 At

472 259 602 324 qnam
625 275 824 306 remotum
836 262 893 321 fit
911 259 1016 305 illud
1040 258 1091 305 ab
1115 277 1157 306 eo
1170 264 1444 326 imputationis
1446 259 1702 324 significatu,
1728 279 1848 324 quem
1874 262 1941 308 hic
2002 289 2010 294 ν

467 341 714 392 proponunt,
735 342 848 370 nemo
859 330 937 382 nost
961 325 1091 370 videt.
1345 348 1355 351 -

539 436 573 478 P
589 437 620 478 L
637 436 674 478 A
693 435 752 479 C.
806 429 953 493 Qod
969 434 1031 476 ait
1048 448 1118 477 me
1134 464 1146 484 ‚
1179 433 1225 476 in
1246 434 1435 478 nomine
1465 432 1786 494 imputationis
1810 433 1938 481 vati&
1966 430 1977 448 '
1998 455 2005 465 .

474 493 621 542 lufiffe
636 531 646 547 ,
661 495 716 542 ab
735 515 790 543 eo
807 495 1064 560 longissime
1082 495 1210 542 abfui
1224 516 1241 549 ς
1254 503 1294 544 &
1310 495 1659 559 quammaxime
1671 500 1806 561 potui
1820 496 1937 545 serio
1991 538 1994 543 .

476 564 621 624 egi2vt
638 565 842 606 veritatis
862 566 908 607 δε
924 563 1047 623 pacis
1065 559 1254 606 decebat
1270 558 1535 607 studiosum.
1550 559 1785 606 Abhorrui
1800 564 1936 609 etiam

473 621 531 670 ab
559 628 689 671 omni
715 624 1097 689 tergiueriatione
1121 660 1132 676 ‚
1153 630 1198 670 &
1225 624 1340 669 nihil
1356 622 1467 670 mihi
1482 628 1606 688 prius
1624 621 1712 670 fuit
1733 626 1872 688 quam
1891 643 1939 673 vt

470 688 634 734 statum
650 688 910 752 quaestionis
926 705 1169 753 purgarem
1188 689 1244 735 ab
1265 691 1395 735 omni
1411 687 1748 752 impedimento
1763 725 1773 741 ‚
1788 689 1835 737 δε
1853 690 1943 736 cla-

467 768 571 798 rum
591 753 790 798 facerem
813 759 859 800 δε
883 752 1111 816 liquidum
1126 787 1138 806 ,
1154 770 1208 799 ne
1228 752 1347 800 vllus
1360 753 1435 800 vel
1455 753 1851 815 tergiuersatimii,
1867 755 1941 802 vel

471 815 823 864 dissimulationi
850 853 862 871 ,
892 817 965 864 vel
991 816 1292 864 declinationi
1313 816 1442 864 locus
1473 818 1557 864 esse
1587 816 1750 880 posset.
1795 821 1943 882 Qod

469 896 626 927 autem
642 900 713 928 me
728 883 905 928 accusat
920 919 931 934 ‚
957 880 1083 945 quafi
1102 886 1342 928 conuentis
1358 899 1450 927 non
1468 883 1665 927 steterim
1685 916 1697 934 ,
1727 883 1831 929 satis
1855 890 1940 929 mi-

468 950 559 990 rari
584 962 785 1009 nequeo.
827 946 1094 1009 Qomodo
1116 952 1238 993 enim
1267 945 1633 993 consenseramus
1657 946 1945 1009 Disputatio-

469 1013 543 1055 nis
569 1013 733 1065 initio,
762 1028 837 1058 aut
864 1026 1146 1057 conuenerat
1166 1018 1285 1057 inter
1308 1028 1393 1056 nos
1420 1009 1474 1055 de
1499 1012 1631 1055 vocis
1662 1017 1941 1075 imputationis

468 1072 729 1137 significatu
746 1110 758 1128 ,
791 1080 870 1138 qui
894 1092 1133 1137 nunquam
1158 1093 1208 1121 ea
1236 1074 1292 1120 de
1318 1092 1363 1119 re
1390 1077 1510 1120 inter
1526 1090 1610 1118 nos
1627 1074 1942 1139 disputauera-

467 1153 569 1183 mus
594 1151 606 1184 3
639 1142 799 1185 Virum
826 1144 947 1186 enim
977 1142 1182 1186 Dodffim
1200 1136 1740 1202 mihinunquamsdaturn
1761 1142 1847 1194 est,
1878 1146 1947 1187 vi-

469 1199 608 1255 dere,
635 1219 711 1249 aut
727 1221 882 1250 coram
899 1203 1089 1267 alloqui.
1127 1206 1189 1248 Vt
1220 1219 1373 1257 autem
1402 1203 1458 1250 de
1487 1202 1571 1248 hac
1586 1203 1834 1265 quaestione
1850 1223 1945 1253 me-

467 1281 573 1312 cum
586 1266 800 1315 conferre
813 1268 952 1315 vellet
971 1301 983 1320 ‚
1010 1275 1257 1332 impetrare
1271 1266 1398 1313 nulla
1423 1271 1602 1313 ratione
1631 1272 1780 1331 potui.
1818 1270 1943 1317 Cum

466 1344 622 1377 autem
639 1331 752 1378 dicit
766 1367 779 1385 ‚
804 1340 987 1380 Nuncin
998 1332 1235 1389 aliaomnia
1247 1339 1332 1378 itur
1348 1365 1361 1384 ,
1387 1347 1519 1396 putas
1535 1329 1741 1390 fortasse,
1757 1337 1944 1390 Lector,

467 1410 573 1439 eum
588 1396 679 1442 hoc
698 1416 851 1443 meum
874 1395 1434 1461 manuscriptumposterius
1473 1412 1549 1442 aut
1574 1395 1732 1442 saltem
1762 1412 1945 1463 tempus

465 1474 563 1519 quo
586 1460 806 1526 scriptum
829 1463 890 1507 est
921 1495 933 1513 ‚
957 1459 1206 1525 designare.
1247 1464 1308 1507 At
1332 1478 1428 1506 non
1457 1464 1521 1505 ita
1552 1461 1626 1506 est.
1674 1463 1792 1522 Qae
1822 1467 1944 1512 enim

465 1521 705 1590 subjungit
720 1525 858 1572 verba
874 1543 973 1572 mea
1001 1542 1095 1572 non
1123 1537 1345 1589 petuntur
1371 1544 1421 1572 ex
1449 1523 1539 1570 hoc
1561 1543 1665 1571 meo
1691 1527 1945 1575 Manuscri-

463 1601 551 1649 pto
573 1622 586 1641 ,
614 1589 689 1636 sed
708 1594 877 1654 partim
896 1608 948 1636 ex
961 1589 1189 1636 Thefibus
1205 1593 1317 1636 meis
1333 1589 1388 1636 cle
1405 1592 1517 1635 statu
1532 1589 1734 1636 hominis
1747 1590 1855 1656 lapfi
1869 1611 1945 1640 an-

461 1665 510 1696 te
523 1657 717 1715 gratiam
737 1689 749 1707 ,
781 1657 1103 1717 quinquennio
1122 1687 1134 1705 ,
1164 1670 1408 1716 antequam
1422 1658 1646 1716 inciperet
1660 1656 1738 1700 ista
1753 1673 1945 1704 contro-

461 1714 607 1760 uerfia
621 1750 632 1768 ‚
661 1718 905 1781 publicatis
924 1752 935 1771 ,
948 1721 1126 1781 'partim
1157 1735 1209 1763 ex
1227 1717 1417 1763 duarum
1433 1717 1725 1781 epistolarum
1742 1737 1855 1782 quas
1871 1721 1944 1768 so-

468 1777 535 1824 las
553 1779 611 1826 ad
624 1798 729 1827 eum
745 1781 894 1845 scripsi
907 1817 918 1833 ,
945 1781 1198 1845 posteriore
1214 1815 1227 1834 ‚
1253 1781 1436 1827 duobus
1451 1798 1528 1828 aut
1542 1783 1691 1828 tribus
1706 1782 1729 1828 a
1748 1786 1940 1845 Synodo

463 1844 696 1906 postrema
710 1844 955 1893 Nationali
971 1845 1198 1892 mensibus
1217 1865 1226 1890 ε
1243 1849 1294 1890 In
1309 1848 1466 1909 priore
1491 1862 1643 1893 autem
1658 1847 1773 1893 nihil
1787 1847 1946 1912 dispu-

464 1907 646 1961 tabam,
672 1909 856 1956 tantum
875 1927 926 1956 ex
946 1908 1044 1973 ipso
1059 1909 1320 1971 quaerebam
1339 1909 1543 1957 modeste
1561 1945 1574 1964 ‚
1602 1928 1692 1974 qua
1718 1911 1775 1958 de
1790 1915 1944 1977 impu-

463 1975 643 2018 tatione
661 1976 912 2021 Decretum
929 1975 1106 2036 Synodi
1121 1972 1228 2020 esset
1245 1972 1599 2038 intelligendum
1617 2010 1629 2028 ,
1645 1975 1702 2022 de
1717 1976 1945 2033 Mediam,
2002 1995 2004 1997 ·

467 2053 524 2082 an
539 2035 1242 2103 deIminediata31nposteriore
1264 2037 1377 2085 vero
1399 2041 1602 2087 breuiter
1626 2041 1942 2096 ostendebam,
2009 2063 2012 2065 ’

464 2117 550 2146 nec
565 2106 767 2149 rationes
783 2102 954 2149 amein
982 2102 1185 2150 thesibus
1216 2103 1373 2150 allatas
1397 2104 1645 2151 mediatam
1670 2122 1939 2170 oppugnare

464 2168 826 2229 imputationem
841 2201 853 2220 ,
881 2184 965 2214 nec
978 2165 1169 2214 defuiffe
1187 2184 1380 2232 magnos
1398 2168 1670 2234 Theologos
1685 2172 1766 2232 qui
1782 2175 1948 2217 imme-

468 2229 643 2276 diatarn
668 2248 892 2297 negarent
915 2229 1123 2279 confessa
1152 2230 1369 2280 mediata.
1403 2232 1523 2280 Illud
1546 2232 1671 2280 enim
1689 2250 1941 2298 Vtrumque
2006 2230 2011 2242 '

466 2293 760 2358 rescripserat
784 2295 1121 2344 ostendendum
1139 2294 1225 2344 effe
1242 2332 1255 2353 ‚
1284 2296 1413 2362 quod
1437 2297 1515 2344 vbi
1530 2298 1554 2344 a
1568 2316 1638 2345 me
1669 2297 1841 2345 factum
1860 2301 1938 2355 est,

465 2357 751 2420 aliquamdiu
770 2361 1049 2425 respondere
1078 2359 1194 2406 mihi
1222 2366 1390 2415 renuit',
1407 2361 1593 2408 tandem
1617 2365 1730 2410 vero
1750 2363 1868 2410 datis
1884 2365 1947 2412 ad*
2014 2416 2018 2421 ,

414 2445 416 2447 ·
462 2439 535 2468 me
549 2421 912 2471 secundisliteris
930 2425 1206 2490 protestatus
1232 2427 1292 2473 est
1314 2426 1356 2472 se
1380 2425 1492 2472 mihi
1524 2444 1576 2472 ea
1592 2426 1647 2473 de
1663 2445 1711 2473 re
1735 2445 1832 2474 non
1848 2428 1940 2474 res-

463 2486 897 2552 ponsurum,neque
913 2506 1093 2537 mecum
1117 2505 1193 2535 aut
1212 2507 1316 2537 cum
1345 2489 1436 2536 alio
1466 2490 1562 2536 vllo
1579 2509 1634 2537 eo
1665 2491 1721 2538 de
1746 2495 1957 2557 negotiox

465 2549 834 2620 disputaturum,
859 2553 940 2605 nist
957 2559 1005 2623 in
1031 2557 1243 2622 proxima
1263 2554 1456 2625 Syqqdq
1487 2556 1748 2625 Nafspnalie
1774 2561 1941 2622 ,Atque
