2018 2844
770 123 832 161 10

90 183 478 260 praetereuntem
506 177 642 237 rosas
664 128 902 255 projiciait
923 224 940 250 ,
977 179 1108 235 nihss
1133 178 1368 256 sequetur
1390 186 1558 243 absur-

87 260 141 312 di
171 280 181 311 :
209 260 284 313 hae
316 262 454 313 enim
475 258 692 314 minime
726 274 931 332 nocent.
971 256 1061 314 An
1081 277 1207 333 ergo
1229 258 1461 315 similiter
1485 303 1500 329 ,
1520 263 1557 319 fi

87 338 199 406 quis
216 338 269 388 in
287 349 673 408 praetereuntem
692 334 884 407 lapides
898 349 986 389 aut
1005 334 1174 389 lutum
1195 337 1436 408 projiciat
1452 377 1468 402 ,
1481 340 1558 390 nia

88 409 163 463 hil
186 408 418 482 sequetur
431 410 669 469 absurdi?
690 412 754 466 Se
772 411 926 464 habet
940 425 1111 464 autem
1130 411 1319 465 solutio
1336 411 1559 466 decima-

87 504 206 540 rum
221 502 277 539 vt
298 484 412 540 rosa
440 505 547 558 quae
570 505 677 539 non
700 489 870 559 potuit
891 504 1074 539 nocere
1092 488 1217 540 Leui
1247 506 1257 537 z
1293 486 1367 541 At
1388 505 1560 561 pecca·
1592 488 1600 495 ”

89 577 203 614 tum
222 562 414 616 Adami
434 580 540 614 non
555 558 721 615 solum
743 576 799 617 vt
818 561 945 635 lapis
961 601 978 628 ,
998 559 1084 614 sed
1101 577 1155 616 vt
1172 558 1432 616 summurn
1447 582 1558 617 ma-

90 636 215 690 lum.
260 637 388 692 Non
411 635 564 691 fuerit
585 640 742 710 igitur
756 636 984 690 alienum
1008 638 1036 692 ὲ
1058 637 1249 704 justitia
1270 678 1286 702 ,
1307 636 1341 691 fi
1370 635 1561 692 solutio

91 712 408 767 decimarum
423 711 486 766 ab
503 712 808 768 Abrabamo
827 711 962 767 faeta
980 713 1235 766 tribuatur
1260 713 1420 777 Leni,
1441 717 1562 786 quia

91 788 147 840 id
163 791 211 841 ei
236 788 383 843 nullo
405 789 568 841 modo
596 792 778 842 nocuit
797 827 813 855 ,
834 804 922 842 aut
941 806 1124 841 nocere
1146 791 1352 860 potuit:
1382 788 1469 843 An
1492 787 1564 842 se-

92 863 398 935 quiturinde
423 904 439 930 ,
461 883 568 916 non
587 860 686 918 effe
701 864 931 918 alienum
946 864 971 917 ὲ
989 863 1181 933 justitia
1198 903 1214 928 ,
1233 862 1267 916 si
1297 879 1565 936 peccatum

94 939 159 991 ab
177 938 386 994 Adamo
408 936 737 994 commissum
762 943 870 1009 ejus
893 939 1105 1011 posteris
1127 940 1563 1011 tribuatur,atque

94 1016 169 1067 ita
191 1014 387 1070 malum
404 1019 694 1068 maximum
709 1014 811 1068 illis
825 1014 1107 1074 inferatur?
1134 1012 1260 1067 Non
1277 1014 1566 1070 admodum

96 1107 229 1160 opus
263 1092 333 1144 est
366 1090 480 1142 aliis
501 1088 909 1163 responsionibus
931 1112 948 1153 ς
987 1105 1208 1161 quatuor
1232 1105 1408 1143 tamen
1443 1091 1568 1144 alias

67 1235 69 1237 ι
95 1166 248 1217 nobis
271 1169 342 1220 D.
365 1162 671 1221 Gariffolius
690 1167 892 1232 tribuit,
917 1184 1041 1236 quas
1063 1160 1269 1218 fortasse
1281 1183 1344 1218 ex
1365 1169 1565 1232 Priore,

98 1240 241 1311 quod
262 1256 433 1307 vocat,
451 1240 807 1313 Manuscripto
823 1239 1161 1312 exprompsit,
1186 1244 1237 1294 ὃ(
1258 1240 1460 1312 prolixe
1480 1242 1568 1294 ad-

97 1315 322 1370 modum
338 1313 572 1371 refellere
593 1332 828 1384 conatur,
851 1312 1055 1388 sed,pro
1080 1316 1172 1370 suo
1192 1333 1358 1384 more,
1379 1333 1569 1370 conatu

97 1388 340 1445 infoelici.
738 1418 740 1423 >

162 1464 445 1539 Responsio
460 1472 618 1543 igitur
636 1464 820 1520 secund
837 1483 865 1517 a
898 1505 914 1532 ,
932 1484 995 1518 eo
1015 1463 1287 1535 referente,
1308 1466 1377 1520 est
1392 1507 1406 1532 ,
1423 1466 1569 1540 Apo-

103 1541 288 1597 stolum
312 1583 327 1608 ,
356 1547 474 1616 quia
500 1542 811 1617 praeuidebat
841 1539 952 1594 fore
972 1582 986 1607 ,
1003 1558 1059 1595 vt
1079 1541 1266 1594 durum
1288 1542 1569 1608 videretur,

102 1620 246 1689 quod
269 1620 491 1673 dicturus
515 1635 624 1673 erat
653 1617 715 1671 de
741 1617 1090 1670 decimatione
1115 1617 1241 1671 Leui
1262 1621 1316 1670 in
1340 1618 1575 1672 Abraha-

101 1712 215 1760 mO,
235 1692 598 1766 praeoccupasse
620 1692 861 1758 dicendO,
877 1702 942 1744 In
961 1692 1221 1745 Abrahamo
1245 1693 1571 1763 decimatascst

101 1767 162 1827 ό
180 1770 268 1844 ipse
284 1776 398 1824 Leni
414 1811 428 1832 ,
449 1768 826 1833 advariaem‘frfflt
843 1773 912 1820 ita
935 1770 1109 1841 loquar.
1146 1772 1272 1842 Qae
1296 1771 1428 1822 ratio
1441 1769 1576 1823 mol-

14 1882 22 1887 .
83 1846 260 1900 {iendi
276 1866 381 1900 1101]
403 1842 688 1921 vsurpatuss
712 1843 802 1898 nisl
815 1845 900 1898 Vbi
913 1844 1111 1897 locutio
1128 1847 1372 1899 audacior
1392 1846 1574 1911 est,aut

108 1922 421 1989 inusitatior,
441 1923 597 1993 quam
620 1941 676 1978 vt
699 1939 813 1974 eam
834 1919 984 1974 liceat
999 1938 1177 1993 Vrgere
1199 1920 1578 1987 vehementiuS,

106 2014 196 2051 aut
211 2016 272 2051 ex
303 2015 361 2049 ea
384 2001 651 2071 quippiam
667 1998 907 2069 colligere
925 1997 1304 2050 ratiocinando.
1345 2001 1460 2051 Hoc
1482 2000 1578 2069 igi-

107 2091 194 2128 tur
210 2092 315 2126 non
333 2073 482 2127 debet
498 2077 562 2128 eo
575 2075 795 2139 traduci,
815 2086 869 2124 vt
883 2072 1002 2124 inde
1017 2070 1292 2144 colligatur
1308 2088 1577 2144 peccatum

110 2150 308 2208 Adami
330 2150 570 2204 omnibus
594 2150 838 2223 imputari
865 2188 880 2214 ,
912 2162 1002 2200 aut
1032 2163 1087 2201 vt
1111 2162 1362 2219 tanquam
1395 2145 1579 2200 funda-

110 2243 347 2282 mentum
362 2223 702 2281 substernatur
714 2228 785 2278 rei
810 2243 948 2295 ,quae
972 2218 1079 2295 ipsa
1100 2240 1187 2292 per
1201 2222 1249 2276 se
1276 2220 1577 2276 velobscura

112 2303 284 2368 est,vel
301 2304 521 2358 omnino
539 2301 698 2357 fidem
719 2297 829 2374 ipsa
851 2302 940 2355 fibi
957 2299 1188 2374 derogat.
1223 2301 1357 2355 Huic
1371 2296 1578 2370 respon-

113 2376 245 2432 sioni
267 2379 429 2434 multa
450 2381 670 2451 reponit.
714 2397 758 2430 1.
790 2385 958 2429 Locum
978 2374 1097 2428 hunc
1110 2397 1199 2429 non
1211 2391 1436 2448 tanquam
1456 2373 1576 2447 fim-

116 2453 383 2509 damentum
391 2455 638 2529 sttbsterni‚
637 2452 731 2527 fid
738 2470 966 2527 tanquam
975 2455 1282 2523 testimonium
1288 2457 1481 2527 proponi
1501 2451 1578 2501 de·-

114 2531 334 2584 clarandae
368 2533 425 2594 ά
453 2530 727 2604 idtstrandae
762 2532 977 2587 doc‘ffrinae
1004 2530 1060 2585 de
1085 2535 1386 2607 imputatione
1403 2531 1582 2604 peccati
