2018 2844
804 112 860 151 ιι

81 174 192 250 ’ςιῐπ
215 168 423 227 fortiter
435 187 737 227 communes
755 167 1072 225 aduersarios
1091 165 1469 241 oppugnabant
1485 210 1500 236 ,
1520 158 1604 224 {el

78 247 448 324 expugnabant
480 250 653 320 potius
673 288 689 315 ,
709 247 954 302 Socinum
970 287 984 308 ,
1008 246 1278 315 Pelagium
1295 281 1311 307 ‚
1337 245 1608 317 Pighium,

77 342 201 382 cum
220 323 492 396 separatim
518 322 735 379 thesibus
758 324 937 395 primis
975 319 1271 395 quindecim
1293 357 1309 385 ‚
1344 333 1458 375 tum
1482 336 1606 374 con-

79 402 302 456 iunctim
325 395 649 468 sequentibus
666 405 687 458 ἒ

156 474 418 531 Succurrit
465 475 625 526 etiam
669 486 1034 544 argumentum
1077 485 1335 542 quartum.
1384 469 1526 523 Nam
1569 465 1605 522 fi

76 548 320 624 synodus
339 546 583 603 damnare
603 546 773 602 Placei
797 550 1100 619 opinionem
1124 546 1212 599 suo
1246 544 1338 597 illo
1365 547 1601 598 Decreto

79 622 355 685 voluisset,
377 639 503 676 num
538 621 625 674 illa
648 661 665 682 ‚
698 640 797 693 qua
820 638 927 675 erat
957 620 1230 693 prudentia
1254 659 1269 686 ,
1307 619 1434 670 locis
1472 621 1606 671 Stri-

73 713 240 772 ptutae
259 701 313 753 &
329 700 669 770 argumentis,
691 695 775 750 seu
797 714 1069 750 numerum
1088 735 1103 759 ,
1123 693 1204 748 seu
1228 695 1384 747 robur
1409 692 1435 745 s
1434 697 1603 764 poetes

76 774 218 828 haud
240 790 500 845 quaquam
527 773 922 825 contemnendis
946 812 962 837 ‚
999 771 1181 840 quibus
1209 770 1295 822 iile
1318 766 1458 821 suam
1486 772 1602 839 opi-

73 852 293 903 nionem
321 844 749 908 confirmauerat‚
781 861 1029 900 contenta
1053 843 1227 899 suiffet
1256 843 1449 896 nudum
1473 848 1603 896 Pro-

78 923 382 978 testantium
415 921 749 988 consensum,
784 920 922 991 quasi
950 920 1113 972 oblita
1154 916 1271 975 Art.
1294 923 1360 975 V.
1385 915 1607 974 Corfes·

76 996 236 1053 sionis
253 995 403 1058 fidei,
427 1014 584 1068 quam
608 993 700 1049 suo
731 994 932 1050 calculo
959 991 1064 1067 ipsa
1086 1012 1259 1047 recens
1292 994 1604 1063 comproba-
1656 1052 1659 1055 ἢ

76 1085 223 1128 uerat
239 1112 257 1134 ,
293 1089 579 1143 opponere,
609 1075 662 1126 &
689 1085 935 1142 tanquam
959 1069 1191 1142 regulam
1211 1065 1399 1121 fideiac
1418 1066 1602 1122 funda-

77 1160 318 1201 mentum
338 1144 426 1200 suo
447 1145 523 1199 illi
547 1149 775 1202 Decreto
806 1143 1160 1203 substernere?
1187 1147 1306 1201 Hoc
1329 1144 1457 1200 mihi
1490 1147 1602 1218 qui-

73 1222 202 1279 dem
213 1220 350 1276 certe
367 1238 475 1274 non
488 1219 546 1275 fit
562 1219 850 1275 verisimile.

150 1298 257 1355 Sed
277 1314 443 1368 neque
463 1298 594 1350 mihi
610 1299 769 1350 etiam
795 1293 1064 1351 verisimile
1091 1295 1312 1362 videtur,
1328 1290 1602 1368 Synodum

75 1370 561 1446 prudentiffimam,
586 1368 886 1425 inconsultis
927 1371 1151 1443 Synodis
1184 1366 1604 1427 Prouincialibus

74 1464 183 1502 una
213 1445 421 1503 seffione
440 1445 654 1502 definite
684 1442 900 1500 voluisse
923 1444 1325 1501 controuersiam
1359 1461 1601 1498 momen-

76 1520 250 1578 tosam
272 1561 292 1588 ‚
321 1526 377 1577 in
391 1522 532 1575 nulla
551 1539 777 1593 vnquam
790 1523 889 1576 alia
911 1521 1128 1593 Synodo
1153 1522 1301 1575 antea
1329 1523 1603 1593 agitatam,

75 1613 169 1653 aut
188 1595 429 1653 decisam.
465 1596 530 1650 Id
564 1600 707 1651 enim
744 1612 866 1649 cum
897 1598 1216 1668 experientia
1249 1592 1601 1668 periculosum

76 1670 178 1727 esse
207 1672 387 1727 docuit
408 1710 426 1734 ,
467 1670 853 1726 tum'abhortet
884 1671 915 1726 a
941 1669 1321 1725 consuetudine
1356 1667 1604 1742 Synodo-

74 1764 195 1803 tum
230 1742 609 1809 nationolium‚'
645 1741 759 1819 quae
780 1746 845 1801 de
866 1747 1017 1801 rebus
1042 1746 1200 1820 longe
1231 1747 1452 1799 minoris
1486 1760 1603 1796 mo-

74 1827 242 1878 menti
266 1825 612 1897 pronunciare
641 1835 814 1876 tutum
834 1819 964 1896 saepe
989 1841 1098 1877 non
1122 1819 1430 1886 censuerunt
1454 1858 1470 1886 ,
1509 1816 1602 1873 nisi

75 1897 324 1954 consultis
338 1902 478 1973 prius
497 1897 739 1953 omnibus
752 1901 1055 1970 prouinciis:
1078 1898 1212 1953 adeo
1227 1898 1387 1952 vereri
1417 1893 1601 1955 solent,

73 1990 144 2027 ne
166 1975 510 2047 velpotestate
524 1973 614 2027 sua
637 1975 916 2029 abutantur
930 2013 946 2038 ‚
976 1974 1057 2029 vel
1073 1974 1137 2031 ea.
1160 1992 1277 2028 cum
1298 1968 1601 2042 cuiusquam

73 2046 273 2104 infirmi
304 2047 548 2102 scandalo
576 2048 747 2104 minus
778 2047 1142 2123 circumspecte
1174 2062 1389 2107 vtantur
1443 2047 1603 2101 Atta-

73 2137 201 2177 men
224 2123 279 2178 id
293 2121 439 2192 fecit,
453 2123 671 2179 fiP1acei
684 2121 993 2180 sententiam
1008 2123 1099 2179 suo
1120 2125 1212 2179 illo
1229 2124 1439 2179 decreto
1457 2122 1517 2173 da
1526 2139 1602 2174 m-

72 2201 241 2253 nauit·
284 2198 430 2254 Nam
453 2218 616 2271 neque
636 2203 933 2272 prouincias
959 2201 1209 2254 consuluit
1233 2241 1250 2268 ‚
1283 2203 1333 2252 &
1353 2214 1452 2251 vna
1487 2194 1602 2251 Ses-

71 2269 217 2329 fione
237 2293 315 2330 res
341 2275 582 2331 confesta
609 2277 711 2341 est,
738 2279 867 2330 &ea
890 2279 1081 2349 peccati
1099 2274 1343 2331 Adamici
1370 2276 1599 2344 imputa·

23 2399 25 2402 Α
74 2350 156 2401 tio
172 2390 189 2411 ‚
209 2369 369 2424 quam
389 2351 602 2406 Placeus
634 2349 862 2406 thesibus
881 2351 982 2407 suis
1011 2353 1254 2421 rejecerat
1280 2348 1305 2424 (
1330 2366 1435 2402 non
1459 2350 1603 2401 enim

74 2437 292 2481 omnem
323 2429 609 2495 rejecerat)
637 2426 778 2481 nulla
799 2445 1029 2502 vnquam
1061 2425 1314 2500 Synodo',
1359 2421 1496 2477 nulla
1515 2439 1609 2485 vn-

74 2511 236 2575 quam
258 2502 464 2577 publica
493 2505 777 2579 autoritate
801 2500 971 2563 fuerat
985 2500 1314 2561 confirmata.
1352 2499 1483 2574 (ξι-ῖς
1508 2497 1609 2572 igi-
