2018 2844
254 145 355 199 DE
405 141 571 198 Ano·
608 142 832 204 allon·
863 159 913 198 v.
947 157 1018 213 13·
1051 137 1267 214 &seqq·
1435 150 1540 213 359

59 220 195 285 igitur
209 233 306 264 eam
318 217 566 266 obseruare.
600 219 702 264 Imo
718 234 771 264 ne
783 216 981 264 Adamus
999 215 1180 278 quidem
1195 212 1447 277 naturaliter
1461 215 1544 263 fuit

57 283 137 331 {ub
162 284 234 328 illa
261 284 376 347 lege.
420 282 527 329 Non
557 279 638 328 fuit
663 285 779 328 enim
802 280 1052 327 naturaliter
1078 284 1118 327 in
1135 278 1359 343 paradiso,
1375 294 1452 324 nec
1469 280 1542 327 lex

57 348 131 394 illa
145 352 396 393 naturaliter
414 349 496 392 lata
515 346 574 392 est
594 377 607 398 ‚
630 346 701 391 sed
720 345 1104 408 supernaturaliter
1133 361 1209 406 per
1236 342 1416 390 verbum
1434 345 1541 391 Dei.

50 413 214 459 -Sumus
234 410 411 472 quidem
432 411 505 457 sub
523 412 620 474 lege
635 426 797 456 naturae
811 441 825 462 ,
850 425 981 470 quam
998 413 1038 465 ὃς
1057 407 1231 462 habitu,
1256 413 1302 455 ὃ(
1316 407 1444 460 adiu,
1470 411 1537 454 ni-

59 476 703 538 mis,pr0hdolor‚violamus,
756 474 838 520 Sed
868 476 965 534 quis
991 489 1080 518 non
1110 473 1229 519 videt
1248 475 1391 537 legem
1420 471 1539 520 illam

56 538 397 587 ceremonialem
410 571 423 593 ,
449 544 492 586 &
508 537 737 602 pofitiuam
752 571 763 593 ,
794 555 812 584 v
825 537 932 583 erbo
948 540 1035 584 Dei
1054 538 1183 583 latam
1199 569 1213 591 ,
1230 536 1356 583 liberi
1370 537 1540 596 arbitrii

57 605 303 651 libertatem
328 608 438 651 circa
466 619 558 650 rem
577 602 727 649 natura
757 601 826 649 suit
842 603 1064 648 moraliter
1081 601 1339 649 necbonam
1356 616 1540 646 neema-

12 692 14 697 ·
59 670 146 715 lam
174 668 612 720 circunscribentem‚
641 668 899 730 hominique
926 684 1015 713 non
1044 681 1257 728 quatenus
1279 666 1414 712 homo
1439 663 1540 718 fuit,

57 748 133 780 aut
157 733 309 780 mundi
337 734 506 785 incola,
534 730 606 778 sed
631 732 801 778 tantum
826 747 1046 794 quatenus
1070 732 1213 776 incola
1227 731 1308 777 fuit
1325 728 1538 791 paradisi,

59 801 396 844 conuenientem
412 827 425 848 ,
451 813 539 842 non
553 796 682 843 fuisse
695 798 840 861 legem
862 812 1024 843 naturae
1054 802 1075 845 i·
1099 798 1332 843 Putauitne
1347 797 1429 843 Vir
1452 795 1538 840 do-

59 863 156 909 &us
171 877 251 907 nos
264 863 516 908 naturaliter
531 861 613 908 effe
629 865 670 908 in
686 860 884 924 paradiso
897 858 1084 907 terrestri
1110 861 1272 909 ?licere
1288 858 1416 906 nobis
1429 860 1538 907 vesci

54 927 153 984 alijs
167 925 395 981 arboribus
410 926 590 989 paradisi
608 934 624 976 ?
644 926 716 972 Ad
730 927 876 989 legem
890 940 1034 971 autem
1046 940 1207 971 natutae
1221 923 1346 988 quod
1363 926 1538 975 attinet,

56 990 229 1053 obligat
247 1006 398 1037 omnes
419 996 461 1038 &
476 990 669 1055 fingulos
685 991 738 1035 ad
756 990 1057 1037 obedientiam
1081 1019 1093 1043 ‚
1118 989 1191 1035 sed
1220 1006 1303 1054 pro
1325 989 1362 1034 se
1376 1003 1537 1050 quem-

56 1069 147 1116 que
164 1085 178 1106 ,
194 1059 237 1101 &
252 1054 462 1115 quamdiu
480 1055 555 1101 est.
593 1054 782 1102 Ostendi
805 1055 910 1100 mihi
932 1055 1066 1101 velim
1092 1054 1260 1117 aliquid
1286 1057 1331 1100 in
1350 1067 1398 1098 ea
1420 1053 1538 1116 lege,

57 1117 174 1165 vnde
191 1121 368 1181 probati
385 1118 511 1181 poffit
526 1154 538 1173 ,
569 1123 758 1182 primum
776 1120 904 1182 primi
919 1118 1105 1166 hominis
1120 1133 1346 1180 peccatum
1364 1115 1538 1164 aestuale

55 1182 262 1230 omnibus
281 1183 393 1228 illius
415 1183 596 1246 posteris
613 1187 814 1245 imputari
828 1182 1267 1229 debereimmediate.

121 1252 166 1294 G
186 1251 221 1294 A
242 1250 301 1295 R.
365 1252 542 1294 Interim
565 1268 641 1294 non
661 1249 718 1310 est
730 1247 847 1311 quod
859 1262 1046 1310 putemus
1068 1251 1301 1310 legitimam
1326 1248 1397 1308 effe
1420 1249 1535 1293 illam

48 1319 454 1379 argumentationem
481 1331 496 1366 ,·
522 1315 669 1379 legales
699 1317 944 1359 ceremonias
966 1315 1037 1374 effe
1069 1314 1310 1378 abrogata53
1336 1313 1443 1357 hanc
1463 1313 1534 1373 effe

41 1379 182 1442 legem
193 1378 502 1423 ceremonialem
516 1395 528 1429 3
542 1385 679 1440 itaque
699 1376 943 1442 abrogatam
963 1377 1258 1440 abolitamque.
1325 1382 1449 1424 Nam
1476 1380 1537 1422 le-

35 1446 159 1507 -gales
181 1447 404 1488 ceremonia
420 1435 514 1486 caim
534 1436 605 1487 hic
629 1443 989 1502 nominanturfine
1012 1442 1265 1489 dubitatione
1293 1443 1532 1505 intelligun-

43 1521 124 1552 -tar
143 1507 302 1566 statuta
346 1508 418 1550 illa
451 1509 625 1552 ritualia
647 1508 736 1569 fine
767 1509 1045 1552 cerimonialia
1073 1540 1086 1558 ,
1115 1523 1198 1569 quae
1233 1505 1333 1566 sunt
1378 1501 1403 1547 a
1441 1509 1536 1550 Deo

51 1573 203 1631 Israeli·
223 1572 434 1632 constituta
450 1588 525 1635 per
538 1587 709 1618 manum
720 1571 856 1632 Mofis
870 1570 1005 1621 ,vnde
1029 1576 1081 1623 (5²7-
1095 1587 1320 1616 ceremonia
1334 1568 1531 1629 Mosaicae

52 1636 182 1701 vulgo
210 1637 417 1681 dicantar.
452 1640 537 1683 Eas
567 1635 714 1696 Christi
731 1635 916 1681 aduentu
941 1634 1157 1702 abrogatas
1174 1637 1296 1698 ῥιψὶ·
1316 1634 1425 1680 nihil
1449 1640 1534 1679 mi-

53 1715 150 1745 rum
172 1700 243 1761 est,
262 1696 358 1745 clim
385 1698 535 1745 vmbrae
570 1702 698 1762 effint
719 1705 769 1751 ὠ
789 1700 956 1764 figura,
986 1699 1172 1759 quarum
1196 1715 1350 1746 veritas
1374 1705 1416 1746 &
1436 1715 1533 1744 cor·

53 1779 136 1825 pus
159 1765 218 1809 est
248 1771 289 1809 in
318 1761 528 1817 Christo,
555 1765 695 1826 Coloffi
725 1780 763 1809 2.
799 1781 866 1821 17.
889 1763 1166 1829 Respiciebant
1184 1769 1294 1809 enim
1320 1780 1450 1809 omnes
1474 1764 1533 1809 ad

54 1827 260 1889 Christum
276 1862 287 1878 ‚
310 1842 511 1889 tanquam
533 1829 592 1875 ad
614 1831 946 1892 complementum
964 1830 1110 1888 suum.
1174 1832 1244 1874 At
1277 1837 1501 1874 ceremonia
1517 1859 1530 1880 ,

54 1910 138 1954 quae
166 1898 209 1937 in
238 1892 314 1937 hac
345 1893 545 1956 primaeua‘r
564 1896 651 1957 lege
677 1899 831 1943 inerat,
858 1891 917 1936 ad
940 1892 1142 1952 Christum
1164 1911 1242 1936 non
1275 1891 1531 1957 respiciebat,

54 1973 257 2020 tanquam
285 1957 342 2001 ad
349 1957 622 2019 significatam
636 1957 776 2018 stium.
815 1955 934 2002 Vnde
951 1973 1029 2003 non
1054 1957 1393 2018 consequitur,vt
1407 1959 1445 2019 si
1460 1974 1525 2003 ce-

54 2027 234 2066 remoniae
256 2023 326 2065 illa
341 2023 570 2081 lsrae'liticae
592 2027 813 2084 antiquata
835 2019 950 2082 fimt,
969 2019 1287 2065 concludendum
1299 2022 1356 2083 fit
1376 2038 1418 2065 eo
1441 2022 1531 2083 ipfii,

53 2093 181 2130 etiam
209 2084 448 2152 abrogatam
486 2087 559 2147 effe
574 2088 707 2150 Iegem
732 2088 848 2131 illam
863 2083 1204 2148 primordialem,
1241 2090 1300 2130 ita
1325 2100 1376 2131 vt
1400 2087 1533 2130 nullus

44 2150 100 2209 fit
118 2147 296 2215 amplias
325 2157 412 2195 eius
433 2151 531 2210 vsus
543 2183 556 2203 ‚
583 2155 634 2202 «ῤ’
656 2151 714 2196 ad
724 2151 904 2197 homines
927 2148 1047 2196 nulla?
1067 2155 1221 2195 ratione
1235 2153 1400 2215 spestet.
1502 2147 1507 2151 ¹

117 2259 151 2303 P
171 2259 204 2306 L
221 2259 260 2305 A
276 2259 335 2305 C.
404 2255 583 2303 Miseret
601 2273 670 2303 me
683 2256 920 2306 Virido<5³ti
945 2272 1110 2302 tantum
1135 2271 1281 2318 operae
1305 2258 1532 2319 ponentis,

58 2333 105 2369 vt
135 2321 292 2381 probet
315 2324 459 2386 legem
488 2320 541 2367 de
569 2320 727 2370 arbore
740 2321 923 2369 scientiae
938 2321 1041 2367 boni
1057 2325 1103 2367 δε
1121 2321 1221 2370 mali
1237 2353 1248 2372 ‚
1273 2338 1370 2384 quae
1385 2336 1534 2384 neque

57 2383 163 2430 alibi
188 2384 268 2431 fuit
290 2390 429 2449 quirin
452 2389 493 2432 in
521 2386 720 2448 paradiso
749 2386 964 2440 terrestri,
982 2392 1027 2432 &
1043 2385 1194 2431 iamab
1210 2385 1531 2448 aliquotanno-

4 2471 11 2477 ,
56 2464 154 2494 rum
173 2449 360 2496 millibus
373 2451 457 2498 esse
471 2450 595 2497 desiit
611 2455 654 2497 in
668 2466 812 2498 rerum
829 2467 1002 2504 natura,
1031 2466 1120 2498 non
1148 2450 1231 2496 este
1245 2454 1531 2512 antiquatam.

53 2512 291 2560 -Obseruat
305 2530 446 2561 autem
460 2515 687 2562 discrimen
704 2521 814 2563 inter
829 2515 934 2562 hanc
949 2520 1131 2578 primam
1160 2516 1305 2579 legem
1331 2531 1529 2561 ceremo-

52 2578 246 2644 {ll2l0mae
274 2584 316 2628 δι
333 2580 546 2645 Mosaicas
562 2584 826 2633 ceremonias
841 2580 968 2645 quod
982 2579 1147 2629 nullum
1167 2582 1252 2632 est,
1279 2584 1326 2626 &
1349 2581 1402 2626 ad
1422 2594 1532 2636 con·—

1070 2646 1238 2703 Ddd
1300 2665 1323 2719 3
