<?xml version="1.0" encoding="UTF-8"?>
<!DOCTYPE html PUBLIC "-//W3C//DTD XHTML 1.0 Transitional//EN"
    "http://www.w3.org/TR/xhtml1/DTD/xhtml1-transitional.dtd">
<html xmlns="http://www.w3.org/1999/xhtml" xml:lang="en" lang="en">
 <head>
  <title>
</title>
<meta http-equiv="Content-Type" content="text/html;charset=utf-8" />
  <meta name='ocr-system' content='tesseract 3.04.00' />
  <meta name='ocr-capabilities' content='ocr_page ocr_carea ocr_par ocr_line ocrx_word'/>
</head>
<body>
  <div class='ocr_page' id='page_1' title='image "./deimputationepri00lapl/deimputationepri00lapl_0042.png"; bbox 0 0 2018 2844; ppageno 0'>
   <div class='ocr_carea' id='block_1_1' title="bbox 1886 83 1946 101">
    <p class='ocr_par' dir='ltr' id='par_1_1' title="bbox 1886 83 1946 101">
     <span class='ocr_line' id='line_1_1' title="bbox 1886 83 1946 101; baseline -0.033 0"><span class='ocrx_word' id='word_1_1' title='bbox 1886 83 1946 101; x_wconf 49' lang='lat' dir='ltr'><strong>asts*</strong></span> 
     </span>
    </p>
   </div>
   <div class='ocr_carea' id='block_1_2' title="bbox 428 208 1943 2624">
    <p class='ocr_par' dir='ltr' id='par_1_2' title="bbox 1211 208 1234 244">
     <span class='ocr_line' id='line_1_2' title="bbox 1211 208 1234 244; baseline 0 0"><span class='ocrx_word' id='word_1_2' title='bbox 1211 208 1234 244; x_wconf 85' lang='lat'><em>2</em></span> 
     </span>
    </p>

    <p class='ocr_par' dir='ltr' id='par_1_3' title="bbox 428 209 1943 2240">
     <span class='ocr_line' id='line_1_3' title="bbox 440 209 1938 350; baseline 0.004 -30"><span class='ocrx_word' id='word_1_3' title='bbox 440 266 532 320; x_wconf 78' lang='lat' dir='ltr'><strong>fiet</strong></span> <span class='ocrx_word' id='word_1_4' title='bbox 558 309 573 335; x_wconf 72' lang='lat'>‚</span> <span class='ocrx_word' id='word_1_5' title='bbox 595 265 627 319; x_wconf 80' lang='lat' dir='ltr'>fi</span> <span class='ocrx_word' id='word_1_6' title='bbox 661 209 1229 334; x_wconf 64' lang='lat' dir='ltr'><strong>demonstr-auerimus3‚</strong></span> <span class='ocrx_word' id='word_1_7' title='bbox 1258 284 1422 338; x_wconf 88' lang='lat' dir='ltr'><strong>neque</strong></span> <span class='ocrx_word' id='word_1_8' title='bbox 1449 284 1759 341; x_wconf 80' lang='lat' dir='ltr'><strong>argumenta.</strong></span> <span class='ocrx_word' id='word_1_9' title='bbox 1778 275 1792 337; x_wconf 75' lang='lat'><strong>‚&#39;</strong></span> <span class='ocrx_word' id='word_1_10' title='bbox 1812 289 1938 350; x_wconf 65' lang='lat' dir='ltr'><strong>:quae</strong></span> 
     </span>
     <span class='ocr_line' id='line_1_4' title="bbox 440 341 1942 415; baseline 0.004 -20"><span class='ocrx_word' id='word_1_11' title='bbox 440 362 535 414; x_wconf 85' lang='lat' dir='ltr'><strong>pro</strong></span> <span class='ocrx_word' id='word_1_12' title='bbox 561 346 910 415; x_wconf 84' lang='lat' dir='ltr'><strong>imputatione</strong></span> <span class='ocrx_word' id='word_1_13' title='bbox 956 343 1132 414; x_wconf 81' lang='lat' dir='ltr'><strong>primae</strong></span> <span class='ocrx_word' id='word_1_14' title='bbox 1159 341 1287 398; x_wconf 81' lang='lat' dir='ltr'><strong>Adae</strong></span> <span class='ocrx_word' id='word_1_15' title='bbox 1317 343 1680 399; x_wconf 69' lang='lat' dir='ltr'><strong>inobedientiae</strong></span> <span class='ocrx_word' id='word_1_16' title='bbox 1719 345 1942 402; x_wconf 83' lang='lat' dir='ltr'><strong>afferun-</strong></span> 
     </span>
     <span class='ocr_line' id='line_1_5' title="bbox 438 418 1940 493; baseline 0.003 -20"><span class='ocrx_word' id='word_1_17' title='bbox 438 437 522 473; x_wconf 84' lang='lat' dir='ltr'><strong>tur</strong></span> <span class='ocrx_word' id='word_1_18' title='bbox 540 460 555 485; x_wconf 80' lang='lat'>‚</span> <span class='ocrx_word' id='word_1_19' title='bbox 591 423 868 491; x_wconf 88' lang='lat' dir='ltr'><strong>quicquam</strong></span> <span class='ocrx_word' id='word_1_20' title='bbox 890 418 1060 473; x_wconf 87' lang='lat' dir='ltr'><strong>valere</strong></span> <span class='ocrx_word' id='word_1_21' title='bbox 1094 419 1160 472; x_wconf 87' lang='lat' dir='ltr'><strong>ad</strong></span> <span class='ocrx_word' id='word_1_22' title='bbox 1184 418 1509 491; x_wconf 82' lang='lat' dir='ltr'>probandam</span> <span class='ocrx_word' id='word_1_23' title='bbox 1533 423 1940 493; x_wconf 86' lang='lat' dir='ltr'>imputationem</span> 
     </span>
     <span class='ocr_line' id='line_1_6' title="bbox 439 492 1938 572; baseline 0.002 -23"><span class='ocrx_word' id='word_1_24' title='bbox 439 497 832 550; x_wconf 83' lang='lat' dir='ltr'><strong>antecedentem</strong></span> <span class='ocrx_word' id='word_1_25' title='bbox 867 492 952 550; x_wconf 88' lang='lat' dir='ltr'><strong>seu</strong></span> <span class='ocrx_word' id='word_1_26' title='bbox 984 495 1345 549; x_wconf 84' lang='lat' dir='ltr'><strong>immediatam</strong></span> <span class='ocrx_word' id='word_1_27' title='bbox 1376 535 1391 562; x_wconf 85' lang='grc'>,</span> <span class='ocrx_word' id='word_1_28' title='bbox 1429 515 1595 568; x_wconf 87' lang='lat' dir='ltr'><strong>neque</strong></span> <span class='ocrx_word' id='word_1_29' title='bbox 1615 515 1938 572; x_wconf 84' lang='lat' dir='ltr'><strong>argumenta,</strong></span> 
     </span>
     <span class='ocr_line' id='line_1_7' title="bbox 438 571 1938 647; baseline 0.003 -24"><span class='ocrx_word' id='word_1_30' title='bbox 438 591 547 645; x_wconf 81' lang='lat' dir='ltr'><strong>quae</strong></span> <span class='ocrx_word' id='word_1_31' title='bbox 582 587 761 625; x_wconf 80' lang='lat' dir='ltr'><strong>contra</strong></span> <span class='ocrx_word' id='word_1_32' title='bbox 783 576 977 644; x_wconf 86' lang='lat' dir='ltr'><strong>peccati</strong></span> <span class='ocrx_word' id='word_1_33' title='bbox 998 571 1566 645; x_wconf 79' lang='lat' dir='ltr'><strong>illiusimputationem</strong></span> <span class='ocrx_word' id='word_1_34' title='bbox 1590 572 1938 647; x_wconf 79' lang='lat' dir='ltr'><strong>proferuntur,</strong></span> 
     </span>
     <span class='ocr_line' id='line_1_8' title="bbox 436 644 1940 724; baseline 0.003 -22"><span class='ocrx_word' id='word_1_35' title='bbox 436 646 598 702; x_wconf 74' lang='lat' dir='ltr'><strong>vllam</strong></span> <span class='ocrx_word' id='word_1_36' title='bbox 614 651 722 701; x_wconf 86' lang='lat' dir='ltr'><strong>vim</strong></span> <span class='ocrx_word' id='word_1_37' title='bbox 734 649 920 702; x_wconf 80' lang='lat' dir='ltr'><strong>habere</strong></span> <span class='ocrx_word' id='word_1_38' title='bbox 936 644 1176 701; x_wconf 87' lang='lat' dir='ltr'><strong>aduersus</strong></span> <span class='ocrx_word' id='word_1_39' title='bbox 1197 649 1604 721; x_wconf 82' lang='lat' dir='ltr'><strong>imputationem</strong></span> <span class='ocrx_word' id='word_1_40' title='bbox 1629 647 1940 724; x_wconf 82' lang='lat' dir='ltr'><strong>consequen·</strong></span> 
     </span>
     <span class='ocr_line' id='line_1_9' title="bbox 440 721 1943 800; baseline 0.004 -25"><span class='ocrx_word' id='word_1_41' title='bbox 440 739 548 776; x_wconf 86' lang='lat' dir='ltr'><strong>tem</strong></span> <span class='ocrx_word' id='word_1_42' title='bbox 564 721 647 776; x_wconf 85' lang='lat' dir='ltr'><strong>seu</strong></span> <span class='ocrx_word' id='word_1_43' title='bbox 670 724 970 777; x_wconf 84' lang='lat' dir='ltr'><strong>mediatam.</strong></span> <span class='ocrx_word' id='word_1_44' title='bbox 1036 722 1142 781; x_wconf 89' lang='lat' dir='ltr'><strong>Vbi</strong></span> <span class='ocrx_word' id='word_1_45' title='bbox 1168 726 1306 777; x_wconf 86' lang='lat' dir='ltr'><strong>enim</strong></span> <span class='ocrx_word' id='word_1_46' title='bbox 1325 727 1573 797; x_wconf 86' lang='lat' dir='ltr'><strong>patuerit,</strong></span> <span class='ocrx_word' id='word_1_47' title='bbox 1596 743 1691 779; x_wconf 89' lang='lat' dir='ltr'><strong>nec</strong></span> <span class='ocrx_word' id='word_1_48' title='bbox 1710 725 1797 779; x_wconf 82' lang='lat' dir='ltr'><strong>illa</strong></span> <span class='ocrx_word' id='word_1_49' title='bbox 1824 746 1943 800; x_wconf 61' lang='lat' dir='ltr'><strong>pro⁴</strong></span> 
     </span>
     <span class='ocr_line' id='line_1_10' title="bbox 438 800 1939 873; baseline 0.002 -19"><span class='ocrx_word' id='word_1_50' title='bbox 438 800 559 854; x_wconf 82' lang='lat' dir='ltr'><strong>bare</strong></span> <span class='ocrx_word' id='word_1_51' title='bbox 597 802 1006 873; x_wconf 82' lang='lat' dir='ltr'><strong>imputationem</strong></span> <span class='ocrx_word' id='word_1_52' title='bbox 1049 819 1204 872; x_wconf 89' lang='lat' dir='ltr'><strong>quam</strong></span> <span class='ocrx_word' id='word_1_53' title='bbox 1227 801 1316 854; x_wconf 80' lang='lat' dir='ltr'><strong>ista</strong></span> <span class='ocrx_word' id='word_1_54' title='bbox 1350 800 1651 873; x_wconf 88' lang='lat' dir='ltr'><strong>improbant</strong></span> <span class='ocrx_word' id='word_1_55' title='bbox 1672 842 1688 868; x_wconf 83' lang='lat'>‚</span> <span class='ocrx_word' id='word_1_56' title='bbox 1725 820 1820 855; x_wconf 88' lang='lat' dir='ltr'><strong>nec</strong></span> <span class='ocrx_word' id='word_1_57' title='bbox 1848 805 1939 858; x_wconf 84' lang='lat' dir='ltr'><strong>ista</strong></span> 
     </span>
     <span class='ocr_line' id='line_1_11' title="bbox 435 876 1938 949; baseline 0.001 -20"><span class='ocrx_word' id='word_1_58' title='bbox 435 895 553 930; x_wconf 87' lang='lat' dir='ltr'><strong>eam</strong></span> <span class='ocrx_word' id='word_1_59' title='bbox 580 877 875 949; x_wconf 84' lang='lat' dir='ltr'><strong>improbare</strong></span> <span class='ocrx_word' id='word_1_60' title='bbox 911 894 1065 948; x_wconf 88' lang='lat' dir='ltr'><strong>quam</strong></span> <span class='ocrx_word' id='word_1_61' title='bbox 1098 876 1187 929; x_wconf 82' lang='lat' dir='ltr'><strong>illa</strong></span> <span class='ocrx_word' id='word_1_62' title='bbox 1223 877 1444 949; x_wconf 82' lang='lat' dir='ltr'><strong>probant</strong></span> <span class='ocrx_word' id='word_1_63' title='bbox 1464 917 1480 943; x_wconf 83' lang='grc'>,</span> <span class='ocrx_word' id='word_1_64' title='bbox 1513 896 1687 931; x_wconf 88' lang='lat' dir='ltr'><strong>nonne</strong></span> <span class='ocrx_word' id='word_1_65' title='bbox 1718 878 1938 932; x_wconf 78' lang='lat' dir='ltr'><strong>mamse-</strong></span> 
     </span>
     <span class='ocr_line' id='line_1_12' title="bbox 435 949 1936 1026; baseline 0.001 -20"><span class='ocrx_word' id='word_1_66' title='bbox 435 953 567 1007; x_wconf 86' lang='lat' dir='ltr'><strong>stum</strong></span> <span class='ocrx_word' id='word_1_67' title='bbox 590 952 803 1019; x_wconf 75' lang='lat' dir='ltr'><strong>euadet,</strong></span> <span class='ocrx_word' id='word_1_68' title='bbox 834 956 889 1004; x_wconf 86' lang='lat' dir='ltr'><strong>in</strong></span> <span class='ocrx_word' id='word_1_69' title='bbox 914 951 1136 1023; x_wconf 87' lang='lat' dir='ltr'><strong>speciem</strong></span> <span class='ocrx_word' id='word_1_70' title='bbox 1161 952 1365 1006; x_wconf 70' lang='lat' dir='ltr'><strong>tantum</strong></span> <span class='ocrx_word' id='word_1_71' title='bbox 1389 955 1522 1005; x_wconf 87' lang='lat' dir='ltr'><strong>inter</strong></span> <span class='ocrx_word' id='word_1_72' title='bbox 1550 949 1597 1005; x_wconf 89' lang='lat' dir='ltr'><strong>se</strong></span> <span class='ocrx_word' id='word_1_73' title='bbox 1633 971 1936 1026; x_wconf 85' lang='lat' dir='ltr'><strong>argu-menta</strong></span> 
     </span>
     <span class='ocr_line' id='line_1_13' title="bbox 433 1025 1938 1102; baseline 0.003 -22"><span class='ocrx_word' id='word_1_74' title='bbox 433 1027 524 1081; x_wconf 83' lang='lat' dir='ltr'><strong>illa</strong></span> <span class='ocrx_word' id='word_1_75' title='bbox 547 1047 774 1102; x_wconf 83' lang='lat' dir='ltr'><strong>pugnare</strong></span> <span class='ocrx_word' id='word_1_76' title='bbox 798 1071 813 1097; x_wconf 84' lang='lat'>,</span> <span class='ocrx_word' id='word_1_77' title='bbox 837 1047 889 1082; x_wconf 90' lang='lat' dir='ltr'><strong>re</strong></span> <span class='ocrx_word' id='word_1_78' title='bbox 913 1045 1084 1082; x_wconf 88' lang='lat' dir='ltr'><strong>autem</strong></span> <span class='ocrx_word' id='word_1_79' title='bbox 1106 1047 1224 1083; x_wconf 83' lang='lat' dir='ltr'><strong>vera</strong></span> <span class='ocrx_word' id='word_1_80' title='bbox 1243 1025 1533 1100; x_wconf 82' lang='lat' dir='ltr'><strong>conspirare</strong></span> <span class='ocrx_word' id='word_1_81' title='bbox 1556 1030 1720 1081; x_wconf 65' lang='lat' dir='ltr'><strong>asnice</strong></span> <span class='ocrx_word' id='word_1_82' title='bbox 1746 1029 1811 1082; x_wconf 90' lang='lat' dir='ltr'><strong>ad</strong></span> <span class='ocrx_word' id='word_1_83' title='bbox 1839 1033 1938 1085; x_wconf 87' lang='lat' dir='ltr'><strong>im·</strong></span> 
     </span>
     <span class='ocr_line' id='line_1_14' title="bbox 433 1104 1942 1178; baseline 0.002 -21"><span class='ocrx_word' id='word_1_84' title='bbox 433 1108 769 1177; x_wconf 87' lang='lat' dir='ltr'><strong>putationem</strong></span> <span class='ocrx_word' id='word_1_85' title='bbox 809 1104 1092 1159; x_wconf 87' lang='lat' dir='ltr'><strong>mediatam</strong></span> <span class='ocrx_word' id='word_1_86' title='bbox 1124 1148 1141 1171; x_wconf 84' lang='grc'>,</span> <span class='ocrx_word' id='word_1_87' title='bbox 1177 1104 1446 1178; x_wconf 70' lang='lat' dir='ltr'><strong>repudiata</strong></span> <span class='ocrx_word' id='word_1_88' title='bbox 1475 1104 1819 1170; x_wconf 70' lang='lat' dir='ltr'><strong>immediata,</strong></span> <span class='ocrx_word' id='word_1_89' title='bbox 1859 1104 1942 1160; x_wconf 82' lang='lat' dir='ltr'><strong>fir·</strong></span> 
     </span>
     <span class='ocr_line' id='line_1_15' title="bbox 428 1180 1938 1254; baseline 0.003 -21"><span class='ocrx_word' id='word_1_90' title='bbox 428 1180 678 1233; x_wconf 85' lang='lat' dir='ltr'><strong>mandam</strong></span> <span class='ocrx_word' id='word_1_91' title='bbox 697 1222 712 1247; x_wconf 80' lang='grc'>,</span> <span class='ocrx_word' id='word_1_92' title='bbox 738 1184 1125 1253; x_wconf 87' lang='lat' dir='ltr'><strong>Decretumque</strong></span> <span class='ocrx_word' id='word_1_93' title='bbox 1150 1181 1347 1253; x_wconf 89' lang='lat' dir='ltr'><strong>Synodi</strong></span> <span class='ocrx_word' id='word_1_94' title='bbox 1367 1220 1382 1246; x_wconf 80' lang='grc'>,</span> <span class='ocrx_word' id='word_1_95' title='bbox 1403 1196 1463 1233; x_wconf 89' lang='lat' dir='ltr'><strong>vt</strong></span> <span class='ocrx_word' id='word_1_96' title='bbox 1492 1181 1521 1234; x_wconf 75' lang='lat' dir='ltr'><strong>a</strong></span> <span class='ocrx_word' id='word_1_97' title='bbox 1541 1197 1624 1254; x_wconf 85' lang='lat' dir='ltr'><strong>me</strong></span> <span class='ocrx_word' id='word_1_98' title='bbox 1647 1180 1938 1253; x_wconf 75' lang='lat' dir='ltr'><strong>expositum</strong></span> 
     </span>
     <span class='ocr_line' id='line_1_16' title="bbox 434 1254 1936 1328; baseline 0.001 -20"><span class='ocrx_word' id='word_1_99' title='bbox 434 1256 506 1309; x_wconf 82' lang='lat' dir='ltr'><strong>est</strong></span> <span class='ocrx_word' id='word_1_100' title='bbox 534 1297 549 1323; x_wconf 77' lang='grc'>,</span> <span class='ocrx_word' id='word_1_101' title='bbox 586 1254 970 1311; x_wconf 86' lang='lat' dir='ltr'><strong>defendendum</strong></span> <span class='ocrx_word' id='word_1_102' title='bbox 1002 1265 1024 1317; x_wconf 69' lang='grc' dir='ltr'><strong>ἒ</strong></span> <span class='ocrx_word' id='word_1_103' title='bbox 1067 1256 1180 1312; x_wconf 80' lang='lat' dir='ltr'><strong>Nili</strong></span> <span class='ocrx_word' id='word_1_104' title='bbox 1218 1257 1318 1309; x_wconf 91' lang='lat' dir='ltr'><strong>hoc</strong></span> <span class='ocrx_word' id='word_1_105' title='bbox 1345 1271 1616 1326; x_wconf 78' lang='lat' dir='ltr'><strong>Vtrumque</strong></span> <span class='ocrx_word' id='word_1_106' title='bbox 1638 1259 1936 1328; x_wconf 78' lang='lat' dir='ltr'><strong>praestiterO,</strong></span> 
     </span>
     <span class='ocr_line' id='line_1_17' title="bbox 429 1328 1937 1405; baseline 0.002 -21"><span class='ocrx_word' id='word_1_107' title='bbox 429 1328 618 1404; x_wconf 83' lang='lat' dir='ltr'><strong>species</strong></span> <span class='ocrx_word' id='word_1_108' title='bbox 639 1332 730 1385; x_wconf 86' lang='lat' dir='ltr'><strong>illa</strong></span> <span class='ocrx_word' id='word_1_109' title='bbox 757 1338 1111 1405; x_wconf 69' lang='lat' dir='ltr'><strong>repugnantia:</strong></span> <span class='ocrx_word' id='word_1_110' title='bbox 1131 1349 1384 1387; x_wconf 84' lang='lat' dir='ltr'><strong>terrorem</strong></span> <span class='ocrx_word' id='word_1_111' title='bbox 1415 1333 1667 1404; x_wconf 82' lang='lat' dir='ltr'><strong>perpetuo</strong></span> <span class='ocrx_word' id='word_1_112' title='bbox 1701 1335 1937 1400; x_wconf 87' lang='lat' dir='ltr'><strong>incutiet,</strong></span> 
     </span>
     <span class='ocr_line' id='line_1_18' title="bbox 432 1407 1938 1474; baseline 0.001 -12"><span class='ocrx_word' id='word_1_113' title='bbox 432 1411 488 1462; x_wconf 87' lang='lat'>&amp;</span> <span class='ocrx_word' id='word_1_114' title='bbox 527 1407 726 1461; x_wconf 91' lang='lat' dir='ltr'><strong>bellum</strong></span> <span class='ocrx_word' id='word_1_115' title='bbox 772 1410 936 1463; x_wconf 90' lang='lat' dir='ltr'><strong>veluti</strong></span> <span class='ocrx_word' id='word_1_116' title='bbox 975 1410 1257 1462; x_wconf 85' lang='lat' dir='ltr'><strong>intentabit</strong></span> <span class='ocrx_word' id='word_1_117' title='bbox 1286 1449 1300 1474; x_wconf 82' lang='grc'>,</span> <span class='ocrx_word' id='word_1_118' title='bbox 1332 1427 1425 1461; x_wconf 89' lang='lat' dir='ltr'><strong>nec</strong></span> <span class='ocrx_word' id='word_1_119' title='bbox 1454 1449 1469 1474; x_wconf 62' lang='lat'>2</span> <span class='ocrx_word' id='word_1_120' title='bbox 1502 1409 1938 1464; x_wconf 81' lang='lat' dir='ltr'><strong>intercedentibus</strong></span> 
     </span>
     <span class='ocr_line' id='line_1_19' title="bbox 429 1479 1936 1557; baseline 0.001 -20"><span class='ocrx_word' id='word_1_121' title='bbox 429 1483 734 1555; x_wconf 80' lang='lat' dir='ltr'><strong>praejudiciis</strong></span> <span class='ocrx_word' id='word_1_122' title='bbox 762 1526 778 1551; x_wconf 84' lang='lat'>‚</span> <span class='ocrx_word' id='word_1_123' title='bbox 803 1483 1169 1557; x_wconf 84' lang='lat' dir='ltr'><strong>nonnullisque</strong></span> <span class='ocrx_word' id='word_1_124' title='bbox 1206 1479 1414 1538; x_wconf 76' lang='lat' dir='ltr'><strong>fortasse</strong></span> <span class='ocrx_word' id='word_1_125' title='bbox 1446 1484 1936 1556; x_wconf 81' lang='lat' dir='ltr'><strong>perturbationibus,</strong></span> 
     </span>
     <span class='ocr_line' id='line_1_20' title="bbox 431 1556 1934 1632; baseline 0.001 -20"><span class='ocrx_word' id='word_1_126' title='bbox 431 1556 592 1613; x_wconf 81' lang='lat' dir='ltr'><strong>firmae</strong></span> <span class='ocrx_word' id='word_1_127' title='bbox 645 1562 783 1632; x_wconf 87' lang='lat' dir='ltr'><strong>pacis</strong></span> <span class='ocrx_word' id='word_1_128' title='bbox 828 1560 1245 1616; x_wconf 69' lang='lat' dir='ltr'><strong>constabiliendae</strong></span> <span class='ocrx_word' id='word_1_129' title='bbox 1306 1558 1414 1631; x_wconf 78' lang='lat' dir='ltr'><strong>spes</strong></span> <span class='ocrx_word' id='word_1_130' title='bbox 1467 1575 1603 1612; x_wconf 84' lang='lat' dir='ltr'><strong>certa</strong></span> <span class='ocrx_word' id='word_1_131' title='bbox 1655 1564 1934 1618; x_wconf 76' lang='lat' dir='ltr'><strong>exorietur.</strong></span> 
     </span>
     <span class='ocr_line' id='line_1_21' title="bbox 433 1635 1940 1708; baseline 0.003 -20"><span class='ocrx_word' id='word_1_132' title='bbox 433 1635 498 1689; x_wconf 90' lang='lat' dir='ltr'><strong>In</strong></span> <span class='ocrx_word' id='word_1_133' title='bbox 520 1637 575 1689; x_wconf 92' lang='lat' dir='ltr'><strong>id</strong></span> <span class='ocrx_word' id='word_1_134' title='bbox 607 1639 769 1708; x_wconf 80' lang='lat' dir='ltr'><strong>igitur</strong></span> <span class='ocrx_word' id='word_1_135' title='bbox 790 1637 921 1689; x_wconf 89' lang='lat' dir='ltr'><strong>mihi</strong></span> <span class='ocrx_word' id='word_1_136' title='bbox 945 1640 1073 1690; x_wconf 89' lang='lat' dir='ltr'><strong>totis</strong></span> <span class='ocrx_word' id='word_1_137' title='bbox 1097 1638 1291 1690; x_wconf 88' lang='lat' dir='ltr'><strong>viribus</strong></span> <span class='ocrx_word' id='word_1_138' title='bbox 1324 1635 1738 1688; x_wconf 83' lang='lat' dir='ltr'><strong>incumbendum</strong></span> <span class='ocrx_word' id='word_1_139' title='bbox 1750 1637 1820 1691; x_wconf 92' lang='lat' dir='ltr'><strong>est</strong></span> <span class='ocrx_word' id='word_1_140' title='bbox 1841 1678 1858 1702; x_wconf 78' lang='lat'><strong>‚</strong></span> <span class='ocrx_word' id='word_1_141' title='bbox 1883 1653 1940 1692; x_wconf 87' lang='lat' dir='ltr'><strong>vt</strong></span> 
     </span>
     <span class='ocr_line' id='line_1_22' title="bbox 433 1709 1942 1783; baseline 0.003 -20"><span class='ocrx_word' id='word_1_142' title='bbox 433 1725 707 1783; x_wconf 81' lang='lat' dir='ltr'><strong>Vtrumque</strong></span> <span class='ocrx_word' id='word_1_143' title='bbox 728 1709 857 1766; x_wconf 88' lang='lat' dir='ltr'><strong>illud</strong></span> <span class='ocrx_word' id='word_1_144' title='bbox 881 1713 1243 1768; x_wconf 87' lang='lat' dir='ltr'><strong>demonstrem.</strong></span> <span class='ocrx_word' id='word_1_145' title='bbox 1306 1712 1846 1778; x_wconf 81' lang='lat' dir='ltr'><strong>Dominumnostrum</strong></span> <span class='ocrx_word' id='word_1_146' title='bbox 1864 1715 1942 1766; x_wconf 87' lang='lat' dir='ltr'><strong>Ie-</strong></span> 
     </span>
     <span class='ocr_line' id='line_1_23' title="bbox 433 1783 1943 1862; baseline 0.001 -23"><span class='ocrx_word' id='word_1_147' title='bbox 433 1783 547 1840; x_wconf 85' lang='lat' dir='ltr'><strong>sum</strong></span> <span class='ocrx_word' id='word_1_148' title='bbox 562 1787 830 1842; x_wconf 85' lang='lat' dir='ltr'><strong>Christum</strong></span> <span class='ocrx_word' id='word_1_149' title='bbox 856 1784 1068 1861; x_wconf 77' lang='lat' dir='ltr'><strong>supplex</strong></span> <span class='ocrx_word' id='word_1_150' title='bbox 1084 1793 1227 1862; x_wconf 76' lang='lat' dir='ltr'><strong>&#39;rogo</strong></span> <span class='ocrx_word' id='word_1_151' title='bbox 1246 1828 1262 1855; x_wconf 84' lang='grc'>,</span> <span class='ocrx_word' id='word_1_152' title='bbox 1283 1802 1338 1839; x_wconf 86' lang='lat' dir='ltr'><strong>vt</strong></span> <span class='ocrx_word' id='word_1_153' title='bbox 1353 1786 1482 1839; x_wconf 85' lang='lat' dir='ltr'><strong>mihi</strong></span> <span class='ocrx_word' id='word_1_154' title='bbox 1499 1786 1553 1838; x_wconf 92' lang='lat' dir='ltr'><strong>id</strong></span> <span class='ocrx_word' id='word_1_155' title='bbox 1581 1784 1745 1840; x_wconf 89' lang='lat' dir='ltr'><strong>facere</strong></span> <span class='ocrx_word' id='word_1_156' title='bbox 1767 1788 1943 1858; x_wconf 11' lang='lat' dir='ltr'><strong>indul-l</strong></span> 
     </span>
     <span class='ocr_line' id='line_1_24' title="bbox 432 1862 1938 1935; baseline 0.002 -20"><span class='ocrx_word' id='word_1_157' title='bbox 432 1867 641 1934; x_wconf 75' lang='lat' dir='ltr'><strong>geatita</strong></span> <span class='ocrx_word' id='word_1_158' title='bbox 671 1864 803 1931; x_wconf 79' lang='lat' dir='ltr'><strong>clare</strong></span> <span class='ocrx_word' id='word_1_159' title='bbox 832 1869 884 1919; x_wconf 86' lang='lat'>&amp;</span> <span class='ocrx_word' id='word_1_160' title='bbox 909 1862 1180 1919; x_wconf 83' lang='lat' dir='ltr'><strong>efficaciter</strong></span> <span class='ocrx_word' id='word_1_161' title='bbox 1203 1905 1219 1930; x_wconf 77' lang='lat'>,</span> <span class='ocrx_word' id='word_1_162' title='bbox 1243 1878 1299 1917; x_wconf 87' lang='lat' dir='ltr'><strong>vt</strong></span> <span class='ocrx_word' id='word_1_163' title='bbox 1321 1865 1493 1915; x_wconf 88' lang='lat' dir='ltr'><strong>omnis</strong></span> <span class='ocrx_word' id='word_1_164' title='bbox 1514 1865 1567 1915; x_wconf 87' lang='lat' dir='ltr'><strong>in</strong></span> <span class='ocrx_word' id='word_1_165' title='bbox 1591 1863 1850 1935; x_wconf 90' lang='lat' dir='ltr'><strong>posterum</strong></span> <span class='ocrx_word' id='word_1_166' title='bbox 1872 1864 1938 1918; x_wconf 90' lang='lat' dir='ltr'><strong>de</strong></span> 
     </span>
     <span class='ocr_line' id='line_1_25' title="bbox 432 1934 1938 2010; baseline 0.002 -19"><span class='ocrx_word' id='word_1_167' title='bbox 432 1939 529 1992; x_wconf 83' lang='lat' dir='ltr'><strong>hac</strong></span> <span class='ocrx_word' id='word_1_168' title='bbox 543 1958 595 1992; x_wconf 89' lang='lat' dir='ltr'><strong>re</strong></span> <span class='ocrx_word' id='word_1_169' title='bbox 611 1941 881 1994; x_wconf 87' lang='lat' dir='ltr'><strong>dubitandi</strong></span> <span class='ocrx_word' id='word_1_170' title='bbox 905 1938 1331 2010; x_wconf 82' lang='lat' dir='ltr'><strong>diffentiend.ique</strong></span> <span class='ocrx_word' id='word_1_171' title='bbox 1347 1934 1466 1990; x_wconf 83' lang='lat' dir='ltr'><strong>ansa</strong></span> <span class='ocrx_word' id='word_1_172' title='bbox 1484 1936 1687 2010; x_wconf 88' lang='lat' dir='ltr'><strong>prorsus</strong></span> <span class='ocrx_word' id='word_1_173' title='bbox 1704 1939 1938 2006; x_wconf 77' lang='lat' dir='ltr'><strong>tollatur,</strong></span> 
     </span>
     <span class='ocr_line' id='line_1_26' title="bbox 433 2012 1936 2088; baseline 0.001 -20"><span class='ocrx_word' id='word_1_174' title='bbox 433 2015 719 2088; x_wconf 87' lang='lat' dir='ltr'><strong>omnesque</strong></span> <span class='ocrx_word' id='word_1_175' title='bbox 751 2020 944 2071; x_wconf 84' lang='lat' dir='ltr'><strong>virtute</strong></span> <span class='ocrx_word' id='word_1_176' title='bbox 969 2022 1022 2072; x_wconf 86' lang='lat'>&amp;</span> <span class='ocrx_word' id='word_1_177' title='bbox 1044 2020 1244 2073; x_wconf 85' lang='lat' dir='ltr'><strong>vnitate</strong></span> <span class='ocrx_word' id='word_1_178' title='bbox 1273 2013 1504 2085; x_wconf 87' lang='lat' dir='ltr'><strong>ejusdem</strong></span> <span class='ocrx_word' id='word_1_179' title='bbox 1531 2017 1751 2087; x_wconf 79' lang='lat' dir='ltr'><strong>Spiritus</strong></span> <span class='ocrx_word' id='word_1_180' title='bbox 1773 2012 1936 2071; x_wconf 63' lang='lat' dir='ltr'><strong>saneti</strong></span> 
     </span>
     <span class='ocr_line' id='line_1_27' title="bbox 431 2091 1934 2163; baseline 0.003 -20"><span class='ocrx_word' id='word_1_181' title='bbox 431 2095 486 2143; x_wconf 91' lang='lat' dir='ltr'><strong>in</strong></span> <span class='ocrx_word' id='word_1_182' title='bbox 512 2093 733 2147; x_wconf 84' lang='lat' dir='ltr'><strong>eandem</strong></span> <span class='ocrx_word' id='word_1_183' title='bbox 772 2091 1082 2148; x_wconf 71' lang='lat' dir='ltr'><strong>sententiam</strong></span> <span class='ocrx_word' id='word_1_184' title='bbox 1105 2095 1476 2147; x_wconf 85' lang='lat' dir='ltr'><strong>conueniamus</strong></span> <span class='ocrx_word' id='word_1_185' title='bbox 1493 2130 1510 2158; x_wconf 78' lang='grc'>,</span> <span class='ocrx_word' id='word_1_186' title='bbox 1538 2093 1594 2144; x_wconf 86' lang='lat' dir='ltr'><strong>in</strong></span> <span class='ocrx_word' id='word_1_187' title='bbox 1621 2108 1781 2163; x_wconf 87' lang='lat' dir='ltr'><strong>eaque</strong></span> <span class='ocrx_word' id='word_1_188' title='bbox 1812 2110 1934 2147; x_wconf 81' lang='lat' dir='ltr'><strong>con·</strong></span> 
     </span>
     <span class='ocr_line' id='line_1_28' title="bbox 429 2166 1471 2240; baseline -0.003 -15"><span class='ocrx_word' id='word_1_189' title='bbox 429 2169 616 2225; x_wconf 84' lang='lat' dir='ltr'><strong>stanter</strong></span> <span class='ocrx_word' id='word_1_190' title='bbox 639 2166 1038 2240; x_wconf 87' lang='lat' dir='ltr'><strong>perseueremus.</strong></span> <span class='ocrx_word' id='word_1_191' title='bbox 1084 2169 1274 2224; x_wconf 88' lang='lat' dir='ltr'><strong>Amen.</strong></span> <span class='ocrx_word' id='word_1_192' title='bbox 1465 2167 1471 2173; x_wconf 74' lang='grc'>’</span> 
     </span>
    </p>

    <p class='ocr_par' dir='ltr' id='par_1_4' title="bbox 428 2240 1942 2624">
     <span class='ocr_line' id='line_1_29' title="bbox 497 2240 1940 2318; baseline 0 -20"><span class='ocrx_word' id='word_1_193' title='bbox 497 2249 616 2299; x_wconf 90' lang='lat' dir='ltr'><strong>Hoc</strong></span> <span class='ocrx_word' id='word_1_194' title='bbox 635 2261 812 2298; x_wconf 86' lang='lat' dir='ltr'><strong>autem</strong></span> <span class='ocrx_word' id='word_1_195' title='bbox 830 2246 1014 2300; x_wconf 82' lang='lat' dir='ltr'><strong>ordine</strong></span> <span class='ocrx_word' id='word_1_196' title='bbox 1036 2248 1391 2318; x_wconf 85' lang='lat' dir='ltr'><strong>procedemus.</strong></span> <span class='ocrx_word' id='word_1_197' title='bbox 1413 2240 1649 2300; x_wconf 76' lang='lat' dir='ltr'><strong>Primum</strong></span> <span class='ocrx_word' id='word_1_198' title='bbox 1668 2261 1940 2317; x_wconf 81' lang='lat' dir='ltr'><strong>argumen-</strong></span> 
     </span>
     <span class='ocr_line' id='line_1_30' title="bbox 431 2317 1937 2396; baseline 0.002 -25"><span class='ocrx_word' id='word_1_199' title='bbox 431 2333 484 2371; x_wconf 88' lang='lat' dir='ltr'><strong>ta</strong></span> <span class='ocrx_word' id='word_1_200' title='bbox 506 2339 615 2391; x_wconf 74' lang='lat' dir='ltr'><strong>qua:</strong></span> <span class='ocrx_word' id='word_1_201' title='bbox 655 2340 748 2393; x_wconf 89' lang='lat' dir='ltr'><strong>pro</strong></span> <span class='ocrx_word' id='word_1_202' title='bbox 776 2325 1126 2396; x_wconf 85' lang='lat' dir='ltr'><strong>imputatione</strong></span> <span class='ocrx_word' id='word_1_203' title='bbox 1161 2325 1315 2394; x_wconf 89' lang='lat' dir='ltr'><strong>primi</strong></span> <span class='ocrx_word' id='word_1_204' title='bbox 1335 2322 1463 2377; x_wconf 79' lang='lat' dir='ltr'><strong>Adae</strong></span> <span class='ocrx_word' id='word_1_205' title='bbox 1491 2324 1686 2393; x_wconf 88' lang='lat' dir='ltr'><strong>peccati</strong></span> <span class='ocrx_word' id='word_1_206' title='bbox 1712 2317 1937 2374; x_wconf 81' lang='lat' dir='ltr'><strong>afferun-</strong></span> 
     </span>
     <span class='ocr_line' id='line_1_31' title="bbox 431 2394 1939 2471; baseline 0.001 -23"><span class='ocrx_word' id='word_1_207' title='bbox 431 2411 514 2449; x_wconf 87' lang='lat' dir='ltr'><strong>tur</strong></span> <span class='ocrx_word' id='word_1_208' title='bbox 534 2436 550 2462; x_wconf 77' lang='lat'>,</span> <span class='ocrx_word' id='word_1_209' title='bbox 582 2396 648 2449; x_wconf 89' lang='lat' dir='ltr'><strong>ad</strong></span> <span class='ocrx_word' id='word_1_210' title='bbox 671 2415 891 2452; x_wconf 79' lang='lat' dir='ltr'><strong>examen</strong></span> <span class='ocrx_word' id='word_1_211' title='bbox 916 2400 1279 2453; x_wconf 84' lang='lat' dir='ltr'><strong>reuocabimus</strong></span> <span class='ocrx_word' id='word_1_212' title='bbox 1297 2441 1312 2467; x_wconf 66' lang='lat'>2</span> <span class='ocrx_word' id='word_1_213' title='bbox 1341 2403 1393 2452; x_wconf 89' lang='lat'>&amp;</span> <span class='ocrx_word' id='word_1_214' title='bbox 1427 2396 1643 2471; x_wconf 87' lang='lat' dir='ltr'><strong>planum</strong></span> <span class='ocrx_word' id='word_1_215' title='bbox 1667 2394 1939 2464; x_wconf 63' lang='lat' dir='ltr'><strong>faciemus»,</strong></span> 
     </span>
     <span class='ocr_line' id='line_1_32' title="bbox 428 2471 1942 2548; baseline 0.002 -23"><span class='ocrx_word' id='word_1_216' title='bbox 428 2471 466 2525; x_wconf 90' lang='lat' dir='ltr'><strong>fi</strong></span> <span class='ocrx_word' id='word_1_217' title='bbox 501 2491 656 2544; x_wconf 88' lang='lat' dir='ltr'><strong>quam</strong></span> <span class='ocrx_word' id='word_1_218' title='bbox 701 2479 895 2547; x_wconf 87' lang='lat' dir='ltr'><strong>peccati</strong></span> <span class='ocrx_word' id='word_1_219' title='bbox 937 2476 1071 2530; x_wconf 87' lang='lat' dir='ltr'><strong>illius</strong></span> <span class='ocrx_word' id='word_1_220' title='bbox 1115 2478 1526 2548; x_wconf 86' lang='lat' dir='ltr'><strong>imputationem</strong></span> <span class='ocrx_word' id='word_1_221' title='bbox 1545 2471 1802 2548; x_wconf 73' lang='lat' dir='ltr'><strong>probant,</strong></span> <span class='ocrx_word' id='word_1_222' title='bbox 1825 2491 1942 2528; x_wconf 88' lang='lat' dir='ltr'><strong>eam</strong></span> 
     </span>
     <span class='ocr_line' id='line_1_33' title="bbox 428 2547 1941 2624; baseline 0.002 -24"><span class='ocrx_word' id='word_1_223' title='bbox 428 2547 634 2602; x_wconf 79' lang='lat' dir='ltr'><strong>nonnisi</strong></span> <span class='ocrx_word' id='word_1_224' title='bbox 673 2547 1079 2624; x_wconf 87' lang='lat' dir='ltr'><strong>consequentem</strong></span> <span class='ocrx_word' id='word_1_225' title='bbox 1113 2548 1198 2605; x_wconf 83' lang='lat' dir='ltr'><strong>seu</strong></span> <span class='ocrx_word' id='word_1_226' title='bbox 1236 2551 1523 2608; x_wconf 86' lang='lat' dir='ltr'><strong>Mediatam</strong></span> <span class='ocrx_word' id='word_1_227' title='bbox 1560 2547 1674 2606; x_wconf 81' lang='lat' dir='ltr'><strong>effe.</strong></span> <span class='ocrx_word' id='word_1_228' title='bbox 1732 2549 1941 2603; x_wconf 89' lang='lat' dir='ltr'><strong>Deinde</strong></span> 
     </span>
    </p>
   </div>
   <div class='ocr_carea' id='block_1_3' title="bbox 433 2623 1943 2707">
    <p class='ocr_par' dir='ltr' id='par_1_5' title="bbox 433 2623 1943 2707">
     <span class='ocr_line' id='line_1_34' title="bbox 433 2623 1943 2707; baseline 0.002 -29"><span class='ocrx_word' id='word_1_229' title='bbox 433 2640 739 2699; x_wconf 81' lang='lat' dir='ltr'><strong>argumenta</strong></span> <span class='ocrx_word' id='word_1_230' title='bbox 755 2647 865 2703; x_wconf 87' lang='lat' dir='ltr'><strong>quae</strong></span> <span class='ocrx_word' id='word_1_231' title='bbox 879 2645 1066 2707; x_wconf 78' lang='lat' dir='ltr'><strong>contra</strong></span> <span class='ocrx_word' id='word_1_232' title='bbox 1080 2631 1151 2705; x_wconf 86' lang='lat' dir='ltr'><strong>im</strong></span> <span class='ocrx_word' id='word_1_233' title='bbox 1157 2623 1495 2705; x_wconf 35' lang='lat' dir='ltr'><strong>putationem*</strong></span> <span class='ocrx_word' id='word_1_234' title='bbox 1505 2629 1658 2704; x_wconf 86' lang='lat' dir='ltr'><strong>primi</strong></span> <span class='ocrx_word' id='word_1_235' title='bbox 1675 2625 1813 2683; x_wconf 75' lang='lat' dir='ltr'><strong>illius</strong></span> <span class='ocrx_word' id='word_1_236' title='bbox 1829 2643 1943 2702; x_wconf 78' lang='lat' dir='ltr'><strong>pec-</strong></span> 
     </span>
    </p>
   </div>
  </div>
 </body>
</html>
