<?xml version="1.0" encoding="UTF-8"?>
<!DOCTYPE html PUBLIC "-//W3C//DTD XHTML 1.0 Transitional//EN"
    "http://www.w3.org/TR/xhtml1/DTD/xhtml1-transitional.dtd">
<html xmlns="http://www.w3.org/1999/xhtml" xml:lang="en" lang="en">
 <head>
  <title>
</title>
<meta http-equiv="Content-Type" content="text/html;charset=utf-8" />
  <meta name='ocr-system' content='tesseract 3.04.00' />
  <meta name='ocr-capabilities' content='ocr_page ocr_carea ocr_par ocr_line ocrx_word'/>
</head>
<body>
  <div class='ocr_page' id='page_1' title='image "./deimputationepri00lapl_0209.png"; bbox 0 0 2018 2844; ppageno 0'>
   <div class='ocr_carea' id='block_1_1' title="bbox 313 140 1566 214">
    <p class='ocr_par' dir='ltr' id='par_1_1' title="bbox 313 140 1566 214">
     <span class='ocr_line' id='line_1_1' title="bbox 313 140 1566 214; baseline 0.006 -23"><span class='ocrx_word' id='word_1_1' title='bbox 313 140 406 192; x_wconf 71' lang='lat' dir='ltr'><strong>DE</strong></span> <span class='ocrx_word' id='word_1_2' title='bbox 447 143 608 196; x_wconf 82' lang='lat' dir='ltr'><strong>COM.</strong></span> <span class='ocrx_word' id='word_1_3' title='bbox 654 161 871 198; x_wconf 66' lang='lat' dir='ltr'>MORTE</span> <span class='ocrx_word' id='word_1_4' title='bbox 913 150 1277 198; x_wconf 63' lang='lat' dir='ltr'>MORIERISJ</span> <span class='ocrx_word' id='word_1_5' title='bbox 1454 151 1566 214; x_wconf 23' lang='lat'><strong>¹99²</strong></span> 
     </span>
    </p>
   </div>
   <div class='ocr_carea' id='block_1_2' title="bbox 74 240 1572 2633">
    <p class='ocr_par' dir='ltr' id='par_1_2' title="bbox 74 240 1572 2633">
     <span class='ocr_line' id='line_1_2' title="bbox 113 240 1567 313; baseline 0.007 -26"><span class='ocrx_word' id='word_1_6' title='bbox 113 240 168 287; x_wconf 88' lang='lat' dir='ltr'><strong>de</strong></span> <span class='ocrx_word' id='word_1_7' title='bbox 190 244 292 298; x_wconf 85' lang='lat' dir='ltr'><strong>tali,</strong></span> <span class='ocrx_word' id='word_1_8' title='bbox 309 262 471 310; x_wconf 82' lang='lat' dir='ltr'><strong>nempe</strong></span> <span class='ocrx_word' id='word_1_9' title='bbox 486 247 719 312; x_wconf 82' lang='lat' dir='ltr'><strong>primailla</strong></span> <span class='ocrx_word' id='word_1_10' title='bbox 734 249 899 295; x_wconf 82' lang='lat' dir='ltr'><strong>Adami</strong></span> <span class='ocrx_word' id='word_1_11' title='bbox 915 282 927 301; x_wconf 91' lang='lat'>,</span> <span class='ocrx_word' id='word_1_12' title='bbox 954 267 1036 296; x_wconf 87' lang='lat' dir='ltr'><strong>nec</strong></span> <span class='ocrx_word' id='word_1_13' title='bbox 1055 248 1111 296; x_wconf 91' lang='lat' dir='ltr'><strong>de</strong></span> <span class='ocrx_word' id='word_1_14' title='bbox 1129 248 1333 313; x_wconf 86' lang='lat' dir='ltr'><strong>qualibet</strong></span> <span class='ocrx_word' id='word_1_15' title='bbox 1346 252 1567 313; x_wconf 80' lang='lat' dir='ltr'><strong>priuatio-</strong></span> 
     </span>
     <span class='ocr_line' id='line_1_3' title="bbox 109 311 1564 378; baseline 0.005 -24"><span class='ocrx_word' id='word_1_16' title='bbox 109 327 166 355; x_wconf 88' lang='lat' dir='ltr'><strong>ne</strong></span> <span class='ocrx_word' id='word_1_17' title='bbox 180 311 351 372; x_wconf 82' lang='lat' dir='ltr'><strong>justitiae</strong></span> <span class='ocrx_word' id='word_1_18' title='bbox 364 344 376 362; x_wconf 83' lang='lat'>‚</span> <span class='ocrx_word' id='word_1_19' title='bbox 394 311 469 357; x_wconf 83' lang='lat' dir='ltr'><strong>sed</strong></span> <span class='ocrx_word' id='word_1_20' title='bbox 485 312 539 358; x_wconf 88' lang='lat' dir='ltr'><strong>de</strong></span> <span class='ocrx_word' id='word_1_21' title='bbox 553 315 1001 377; x_wconf 84' lang='lat' dir='ltr'><strong>priuationejustitiae</strong></span> <span class='ocrx_word' id='word_1_22' title='bbox 1016 332 1107 377; x_wconf 82' lang='lat' dir='ltr'><strong>qua</strong></span> <span class='ocrx_word' id='word_1_23' title='bbox 1118 313 1335 378; x_wconf 55' lang='lat' dir='ltr'><strong>pra-’dirue</strong></span> <span class='ocrx_word' id='word_1_24' title='bbox 1350 330 1445 360; x_wconf 88' lang='lat' dir='ltr'><strong>erat</strong></span> <span class='ocrx_word' id='word_1_25' title='bbox 1460 332 1564 361; x_wconf 80' lang='lat' dir='ltr'><strong>ante</strong></span> 
     </span>
     <span class='ocr_line' id='line_1_4' title="bbox 104 373 1572 442; baseline 0.004 -22"><span class='ocrx_word' id='word_1_26' title='bbox 104 374 279 437; x_wconf 77' lang='lat' dir='ltr'><strong>lapsum</strong></span> <span class='ocrx_word' id='word_1_27' title='bbox 296 373 511 422; x_wconf 75' lang='lat' dir='ltr'><strong>Adamas.</strong></span> <span class='ocrx_word' id='word_1_28' title='bbox 541 376 709 425; x_wconf 75' lang='lat' dir='ltr'><strong>Deliae</strong></span> <span class='ocrx_word' id='word_1_29' title='bbox 724 381 845 422; x_wconf 86' lang='lat' dir='ltr'><strong>enim</strong></span> <span class='ocrx_word' id='word_1_30' title='bbox 870 376 1125 424; x_wconf 80' lang='lat' dir='ltr'><strong>violatione</strong></span> <span class='ocrx_word' id='word_1_31' title='bbox 1145 384 1191 425; x_wconf 86' lang='lat'>&amp;</span> <span class='ocrx_word' id='word_1_32' title='bbox 1219 382 1572 442; x_wconf 73' lang='lat' dir='ltr'><strong>priuationein-</strong></span> 
     </span>
     <span class='ocr_line' id='line_1_5' title="bbox 107 439 1568 507; baseline 0.003 -23"><span class='ocrx_word' id='word_1_33' title='bbox 107 439 360 504; x_wconf 76' lang='lat' dir='ltr'><strong>telligenda</strong></span> <span class='ocrx_word' id='word_1_34' title='bbox 377 440 435 484; x_wconf 88' lang='lat' dir='ltr'><strong>est</strong></span> <span class='ocrx_word' id='word_1_35' title='bbox 453 445 710 504; x_wconf 83' lang='lat' dir='ltr'><strong>argumenti</strong></span> <span class='ocrx_word' id='word_1_36' title='bbox 727 445 814 486; x_wconf 89' lang='lat' dir='ltr'><strong>mei</strong></span> <span class='ocrx_word' id='word_1_37' title='bbox 831 440 1088 504; x_wconf 83' lang='lat' dir='ltr'><strong>propositio</strong></span> <span class='ocrx_word' id='word_1_38' title='bbox 1105 446 1272 488; x_wconf 87' lang='lat' dir='ltr'><strong>minor.</strong></span> <span class='ocrx_word' id='word_1_39' title='bbox 1319 445 1412 488; x_wconf 90' lang='lat' dir='ltr'><strong>Aut</strong></span> <span class='ocrx_word' id='word_1_40' title='bbox 1425 445 1568 507; x_wconf 82' lang='lat' dir='ltr'><strong>igitur</strong></span> 
     </span>
     <span class='ocr_line' id='line_1_6' title="bbox 105 501 1569 570; baseline 0.002 -20"><span class='ocrx_word' id='word_1_41' title='bbox 105 502 405 551; x_wconf 80' lang='lat' dir='ltr'><strong>vniuersalem</strong></span> <span class='ocrx_word' id='word_1_42' title='bbox 421 501 504 548; x_wconf 80' lang='lat' dir='ltr'><strong>effe</strong></span> <span class='ocrx_word' id='word_1_43' title='bbox 521 506 771 570; x_wconf 85' lang='lat' dir='ltr'><strong>oportebat</strong></span> <span class='ocrx_word' id='word_1_44' title='bbox 786 508 882 550; x_wconf 80' lang='lat' dir='ltr'><strong>Viri</strong></span> <span class='ocrx_word' id='word_1_45' title='bbox 895 506 1035 551; x_wconf 61' lang='lat' dir='ltr'><strong>Docti</strong></span> <span class='ocrx_word' id='word_1_46' title='bbox 1051 509 1306 559; x_wconf 84' lang='lat' dir='ltr'>Minorem,</span> <span class='ocrx_word' id='word_1_47' title='bbox 1325 521 1403 551; x_wconf 81' lang='lat' dir='ltr'><strong>aut</strong></span> <span class='ocrx_word' id='word_1_48' title='bbox 1417 512 1569 553; x_wconf 84' lang='lat' dir='ltr'><strong>nomi-</strong></span> 
     </span>
     <span class='ocr_line' id='line_1_7' title="bbox 107 564 1564 633; baseline 0.002 -19"><span class='ocrx_word' id='word_1_49' title='bbox 107 574 250 616; x_wconf 84' lang='lat' dir='ltr'><strong>natim</strong></span> <span class='ocrx_word' id='word_1_50' title='bbox 266 567 330 613; x_wconf 86' lang='lat' dir='ltr'><strong>&#39;de</strong></span> <span class='ocrx_word' id='word_1_51' title='bbox 349 564 425 612; x_wconf 85' lang='lat' dir='ltr'><strong>illa</strong></span> <span class='ocrx_word' id='word_1_52' title='bbox 440 573 700 632; x_wconf 85' lang='lat' dir='ltr'><strong>priuatione</strong></span> <span class='ocrx_word' id='word_1_53' title='bbox 724 575 767 616; x_wconf 89' lang='lat'>&amp;</span> <span class='ocrx_word' id='word_1_54' title='bbox 790 567 1044 615; x_wconf 78' lang='lat' dir='ltr'><strong>violatione</strong></span> <span class='ocrx_word' id='word_1_55' title='bbox 1063 567 1275 633; x_wconf 84' lang='lat' dir='ltr'><strong>intelligi.</strong></span> <span class='ocrx_word' id='word_1_56' title='bbox 1328 572 1564 617; x_wconf 85' lang='lat' dir='ltr'>Neutrum</span> 
     </span>
     <span class='ocr_line' id='line_1_8' title="bbox 103 631 1563 698; baseline -0.001 -17"><span class='ocrx_word' id='word_1_57' title='bbox 103 635 208 681; x_wconf 68' lang='lat' dir='ltr'><strong>cum</strong></span> <span class='ocrx_word' id='word_1_58' title='bbox 225 633 276 680; x_wconf 77' lang='lat' dir='ltr'><strong>fit</strong></span> <span class='ocrx_word' id='word_1_59' title='bbox 290 631 596 685; x_wconf 64' lang='lat' dir='ltr'><strong>factummihil</strong></span> <span class='ocrx_word' id='word_1_60' title='bbox 611 635 759 698; x_wconf 84' lang='lat' dir='ltr'><strong>potest</strong></span> <span class='ocrx_word' id='word_1_61' title='bbox 772 631 986 679; x_wconf 89' lang='lat' dir='ltr'><strong>concludi</strong></span> <span class='ocrx_word' id='word_1_62' title='bbox 1001 633 1114 679; x_wconf 87' lang='lat' dir='ltr'><strong>mihi</strong></span> <span class='ocrx_word' id='word_1_63' title='bbox 1127 650 1402 697; x_wconf 79' lang='lat' dir='ltr'><strong>repugnans.</strong></span> <span class='ocrx_word' id='word_1_64' title='bbox 1418 637 1563 680; x_wconf 81' lang='lat' dir='ltr'><strong>Dein-</strong></span> 
     </span>
     <span class='ocr_line' id='line_1_9' title="bbox 104 695 1560 761; baseline -0.001 -15"><span class='ocrx_word' id='word_1_65' title='bbox 104 700 162 746; x_wconf 89' lang='lat' dir='ltr'><strong>de</strong></span> <span class='ocrx_word' id='word_1_66' title='bbox 185 697 313 746; x_wconf 81' lang='lat' dir='ltr'><strong>firnili</strong></span> <span class='ocrx_word' id='word_1_67' title='bbox 334 712 605 758; x_wconf 85' lang='lat' dir='ltr'><strong>argumento</strong></span> <span class='ocrx_word' id='word_1_68' title='bbox 622 695 802 761; x_wconf 67' lang='lat' dir='ltr'><strong>poss&#39;ent</strong></span> <span class='ocrx_word' id='word_1_69' title='bbox 827 696 1014 744; x_wconf 69' lang='lat' dir='ltr'><strong>infinita</strong></span> <span class='ocrx_word' id='word_1_70' title='bbox 1031 695 1375 761; x_wconf 74' lang='lat' dir='ltr'><strong>propositiones</strong></span> <span class='ocrx_word' id='word_1_71' title='bbox 1389 699 1560 746; x_wconf 85' lang='lat' dir='ltr'><strong>verissi-</strong></span> 
     </span>
     <span class='ocr_line' id='line_1_10' title="bbox 101 760 1558 815; baseline -0.001 -5"><span class='ocrx_word' id='word_1_72' title='bbox 101 762 516 814; x_wconf 82' lang='lat' dir='ltr'><strong>maerefelli,etiam</strong></span> <span class='ocrx_word' id='word_1_73' title='bbox 533 763 636 815; x_wconf 86' lang='lat' dir='ltr'><strong>ista,</strong></span> <span class='ocrx_word' id='word_1_74' title='bbox 663 762 805 810; x_wconf 88' lang='lat' dir='ltr'><strong>homo</strong></span> <span class='ocrx_word' id='word_1_75' title='bbox 823 763 884 808; x_wconf 90' lang='lat' dir='ltr'><strong>est</strong></span> <span class='ocrx_word' id='word_1_76' title='bbox 899 760 1079 809; x_wconf 83' lang='lat' dir='ltr'><strong>animal.</strong></span> <span class='ocrx_word' id='word_1_77' title='bbox 1115 765 1235 809; x_wconf 80' lang='lat' dir='ltr'><strong>Nam</strong></span> <span class='ocrx_word' id='word_1_78' title='bbox 1263 779 1313 807; x_wconf 85' lang='lat' dir='ltr'><strong>ea</strong></span> <span class='ocrx_word' id='word_1_79' title='bbox 1333 778 1428 807; x_wconf 89' lang='lat' dir='ltr'><strong>non</strong></span> <span class='ocrx_word' id='word_1_80' title='bbox 1454 764 1558 813; x_wconf 84' lang='lat' dir='ltr'><strong>sunt</strong></span> 
     </span>
     <span class='ocr_line' id='line_1_11' title="bbox 99 825 1559 893; baseline 0 -20"><span class='ocrx_word' id='word_1_81' title='bbox 99 845 240 874; x_wconf 89' lang='lat' dir='ltr'><strong>vnum</strong></span> <span class='ocrx_word' id='word_1_82' title='bbox 270 825 454 873; x_wconf 87' lang='lat' dir='ltr'><strong>&amp;idem</strong></span> <span class='ocrx_word' id='word_1_83' title='bbox 482 845 580 889; x_wconf 85' lang='lat' dir='ltr'><strong>quae</strong></span> <span class='ocrx_word' id='word_1_84' title='bbox 602 825 753 891; x_wconf 81' lang='lat' dir='ltr'><strong>reapse</strong></span> <span class='ocrx_word' id='word_1_85' title='bbox 769 826 955 893; x_wconf 77' lang='lat' dir='ltr'><strong>possunt</strong></span> <span class='ocrx_word' id='word_1_86' title='bbox 978 826 1185 888; x_wconf 82' lang='lat' dir='ltr'><strong>separari.</strong></span> <span class='ocrx_word' id='word_1_87' title='bbox 1238 829 1381 889; x_wconf 85' lang='lat' dir='ltr'><strong>Atqui</strong></span> <span class='ocrx_word' id='word_1_88' title='bbox 1407 828 1559 891; x_wconf 84' lang='lat' dir='ltr'><strong>potest</strong></span> 
     </span>
     <span class='ocr_line' id='line_1_12' title="bbox 97 887 1560 954; baseline -0.001 -16"><span class='ocrx_word' id='word_1_89' title='bbox 97 890 273 954; x_wconf 83' lang='lat' dir='ltr'><strong>aliquid</strong></span> <span class='ocrx_word' id='word_1_90' title='bbox 303 888 387 937; x_wconf 83' lang='lat' dir='ltr'><strong>effe</strong></span> <span class='ocrx_word' id='word_1_91' title='bbox 415 891 603 944; x_wconf 83' lang='lat' dir='ltr'><strong>animal,</strong></span> <span class='ocrx_word' id='word_1_92' title='bbox 632 909 715 937; x_wconf 88' lang='lat' dir='ltr'><strong>nec</strong></span> <span class='ocrx_word' id='word_1_93' title='bbox 730 907 884 938; x_wconf 88' lang='lat' dir='ltr'><strong>tamen</strong></span> <span class='ocrx_word' id='word_1_94' title='bbox 913 887 997 936; x_wconf 83' lang='lat' dir='ltr'><strong>effe</strong></span> <span class='ocrx_word' id='word_1_95' title='bbox 1016 891 1178 937; x_wconf 89' lang='lat' dir='ltr'><strong>homo.</strong></span> <span class='ocrx_word' id='word_1_96' title='bbox 1214 892 1458 953; x_wconf 85' lang='lat' dir='ltr'><strong>Distinguo</strong></span> <span class='ocrx_word' id='word_1_97' title='bbox 1487 907 1560 936; x_wconf 84' lang='lat' dir='ltr'><strong>ra-</strong></span> 
     </span>
     <span class='ocr_line' id='line_1_13' title="bbox 100 952 1561 1020; baseline -0.001 -19"><span class='ocrx_word' id='word_1_98' title='bbox 100 973 206 1001; x_wconf 90' lang='lat' dir='ltr'><strong>men</strong></span> <span class='ocrx_word' id='word_1_99' title='bbox 220 971 268 1002; x_wconf 83' lang='lat' dir='ltr'><strong>vt</strong></span> <span class='ocrx_word' id='word_1_100' title='bbox 283 952 412 1018; x_wconf 69' lang='lat' dir='ltr'><strong>suprci</strong></span> <span class='ocrx_word' id='word_1_101' title='bbox 433 957 609 1017; x_wconf 83' lang='lat' dir='ltr'><strong>justitiae</strong></span> <span class='ocrx_word' id='word_1_102' title='bbox 626 958 951 1020; x_wconf 83' lang='lat' dir='ltr'><strong>priuationem.</strong></span> <span class='ocrx_word' id='word_1_103' title='bbox 1002 956 1073 1000; x_wconf 85' lang='lat' dir='ltr'><strong>Est</strong></span> <span class='ocrx_word' id='word_1_104' title='bbox 1089 958 1209 999; x_wconf 86' lang='lat' dir='ltr'><strong>enim</strong></span> <span class='ocrx_word' id='word_1_105' title='bbox 1226 956 1561 1018; x_wconf 86' lang='lat' dir='ltr'><strong>priuatiojusti-</strong></span> 
     </span>
     <span class='ocr_line' id='line_1_14' title="bbox 97 1017 1556 1083; baseline 0.001 -19"><span class='ocrx_word' id='word_1_106' title='bbox 97 1022 170 1064; x_wconf 80' lang='lat' dir='ltr'><strong>tiae</strong></span> <span class='ocrx_word' id='word_1_107' title='bbox 184 1018 368 1065; x_wconf 61' lang='lat' dir='ltr'><strong>aetuans</strong></span> <span class='ocrx_word' id='word_1_108' title='bbox 384 1026 429 1066; x_wconf 72' lang='grc' dir='ltr'><strong>ὅ(</strong></span> <span class='ocrx_word' id='word_1_109' title='bbox 456 1024 654 1082; x_wconf 78' lang='lat' dir='ltr'><strong>priuatio</strong></span> <span class='ocrx_word' id='word_1_110' title='bbox 670 1021 844 1083; x_wconf 72' lang='lat' dir='ltr'><strong>justitiae</strong></span> <span class='ocrx_word' id='word_1_111' title='bbox 871 1017 1117 1064; x_wconf 84' lang='lat' dir='ltr'><strong>habitualis</strong></span> <span class='ocrx_word' id='word_1_112' title='bbox 1141 1030 1154 1064; x_wconf 72' lang='grc' dir='ltr'><strong>ἒ</strong></span> <span class='ocrx_word' id='word_1_113' title='bbox 1176 1018 1252 1064; x_wconf 79' lang='lat' dir='ltr'><strong>illa</strong></span> <span class='ocrx_word' id='word_1_114' title='bbox 1274 1020 1334 1064; x_wconf 89' lang='lat' dir='ltr'><strong>est</strong></span> <span class='ocrx_word' id='word_1_115' title='bbox 1358 1019 1556 1067; x_wconf 82' lang='lat' dir='ltr'><strong>violatio</strong></span> 
     </span>
     <span class='ocr_line' id='line_1_15' title="bbox 95 1081 1556 1147; baseline 0.002 -20"><span class='ocrx_word' id='word_1_116' title='bbox 95 1081 208 1146; x_wconf 79' lang='lat' dir='ltr'><strong>legis</strong></span> <span class='ocrx_word' id='word_1_117' title='bbox 222 1081 406 1130; x_wconf 61' lang='lat' dir='ltr'><strong>actualis</strong></span> <span class='ocrx_word' id='word_1_118' title='bbox 423 1120 434 1136; x_wconf 94' lang='lat'>,</span> <span class='ocrx_word' id='word_1_119' title='bbox 457 1085 551 1130; x_wconf 82' lang='lat' dir='ltr'><strong>haec</strong></span> <span class='ocrx_word' id='word_1_120' title='bbox 571 1083 831 1131; x_wconf 87' lang='lat' dir='ltr'><strong>habitualis.</strong></span> <span class='ocrx_word' id='word_1_121' title='bbox 883 1081 972 1130; x_wconf 90' lang='lat' dir='ltr'><strong>Sed</strong></span> <span class='ocrx_word' id='word_1_122' title='bbox 987 1081 1135 1129; x_wconf 79' lang='lat' dir='ltr'><strong>rursus</strong></span> <span class='ocrx_word' id='word_1_123' title='bbox 1153 1082 1472 1147; x_wconf 82' lang='lat' dir='ltr'><strong>distinguenda</strong></span> <span class='ocrx_word' id='word_1_124' title='bbox 1494 1084 1556 1130; x_wconf 87' lang='lat' dir='ltr'><strong>est</strong></span> 
     </span>
     <span class='ocr_line' id='line_1_16' title="bbox 89 1145 1553 1212; baseline 0.001 -20"><span class='ocrx_word' id='word_1_125' title='bbox 89 1148 256 1209; x_wconf 83' lang='lat' dir='ltr'><strong>justitia</strong></span> <span class='ocrx_word' id='word_1_126' title='bbox 271 1166 281 1192; x_wconf 77' lang='lat' dir='ltr'><strong>t</strong></span> <span class='ocrx_word' id='word_1_127' title='bbox 298 1151 443 1212; x_wconf 79' lang='lat' dir='ltr'><strong>accipi</strong></span> <span class='ocrx_word' id='word_1_128' title='bbox 456 1152 574 1194; x_wconf 90' lang='lat' dir='ltr'><strong>enim</strong></span> <span class='ocrx_word' id='word_1_129' title='bbox 591 1149 739 1212; x_wconf 86' lang='lat' dir='ltr'><strong>potest</strong></span> <span class='ocrx_word' id='word_1_130' title='bbox 753 1147 823 1194; x_wconf 77' lang='lat' dir='ltr'><strong>vel</strong></span> <span class='ocrx_word' id='word_1_131' title='bbox 839 1145 1006 1194; x_wconf 70' lang='lat' dir='ltr'><strong>forensi</strong></span> <span class='ocrx_word' id='word_1_132' title='bbox 1021 1145 1352 1211; x_wconf 77' lang='lat' dir='ltr'><strong>significatione</strong></span> <span class='ocrx_word' id='word_1_133' title='bbox 1368 1147 1438 1194; x_wconf 90' lang='lat' dir='ltr'><strong>vel</strong></span> <span class='ocrx_word' id='word_1_134' title='bbox 1452 1165 1553 1194; x_wconf 90' lang='lat' dir='ltr'><strong>mo-</strong></span> 
     </span>
     <span class='ocr_line' id='line_1_17' title="bbox 94 1209 1553 1276; baseline 0.002 -21"><span class='ocrx_word' id='word_1_135' title='bbox 94 1209 192 1256; x_wconf 84' lang='lat' dir='ltr'><strong>rali.</strong></span> <span class='ocrx_word' id='word_1_136' title='bbox 238 1215 444 1274; x_wconf 82' lang='lat' dir='ltr'><strong>Vtraque</strong></span> <span class='ocrx_word' id='word_1_137' title='bbox 458 1211 605 1258; x_wconf 88' lang='lat' dir='ltr'><strong>rursus</strong></span> <span class='ocrx_word' id='word_1_138' title='bbox 620 1211 937 1275; x_wconf 84' lang='lat' dir='ltr'><strong>velcstlegalis</strong></span> <span class='ocrx_word' id='word_1_139' title='bbox 964 1210 1035 1256; x_wconf 90' lang='lat' dir='ltr'><strong>vel</strong></span> <span class='ocrx_word' id='word_1_140' title='bbox 1054 1212 1332 1276; x_wconf 82' lang='lat' dir='ltr'><strong>euangelica.</strong></span> <span class='ocrx_word' id='word_1_141' title='bbox 1380 1214 1553 1259; x_wconf 81' lang='lat' dir='ltr'><strong>Iustitia</strong></span> 
     </span>
     <span class='ocr_line' id='line_1_18' title="bbox 91 1272 1553 1340; baseline 0.002 -21"><span class='ocrx_word' id='word_1_142' title='bbox 91 1272 454 1340; x_wconf 79' lang='lat' dir='ltr'><strong>forensislegalis</strong></span> <span class='ocrx_word' id='word_1_143' title='bbox 470 1311 482 1328; x_wconf 89' lang='lat'>,</span> <span class='ocrx_word' id='word_1_144' title='bbox 508 1281 615 1338; x_wconf 84' lang='lat' dir='ltr'><strong>quia</strong></span> <span class='ocrx_word' id='word_1_145' title='bbox 638 1275 837 1321; x_wconf 85' lang='lat' dir='ltr'><strong>consistit</strong></span> <span class='ocrx_word' id='word_1_146' title='bbox 861 1278 905 1320; x_wconf 89' lang='lat' dir='ltr'><strong>in</strong></span> <span class='ocrx_word' id='word_1_147' title='bbox 924 1273 1127 1337; x_wconf 67' lang='lat' dir='ltr'><strong>perfestst</strong></span> <span class='ocrx_word' id='word_1_148' title='bbox 1142 1280 1285 1322; x_wconf 86' lang='lat' dir='ltr'><strong>totius</strong></span> <span class='ocrx_word' id='word_1_149' title='bbox 1314 1281 1414 1323; x_wconf 84' lang='lat' dir='ltr'><strong>vitae</strong></span> <span class='ocrx_word' id='word_1_150' title='bbox 1442 1294 1553 1325; x_wconf 89' lang='lat' dir='ltr'><strong>con-</strong></span> 
     </span>
     <span class='ocr_line' id='line_1_19' title="bbox 91 1335 1551 1404; baseline 0.006 -23"><span class='ocrx_word' id='word_1_151' title='bbox 91 1335 329 1386; x_wconf 79' lang='lat' dir='ltr'><strong>formitate</strong></span> <span class='ocrx_word' id='word_1_152' title='bbox 356 1357 456 1385; x_wconf 85' lang='lat' dir='ltr'><strong>eum</strong></span> <span class='ocrx_word' id='word_1_153' title='bbox 480 1339 581 1404; x_wconf 81' lang='lat' dir='ltr'><strong>lege</strong></span> <span class='ocrx_word' id='word_1_154' title='bbox 601 1373 614 1393; x_wconf 85' lang='lat'>,</span> <span class='ocrx_word' id='word_1_155' title='bbox 639 1339 711 1386; x_wconf 85' lang='lat' dir='ltr'><strong>vel</strong></span> <span class='ocrx_word' id='word_1_156' title='bbox 736 1343 867 1385; x_wconf 81' lang='lat' dir='ltr'><strong>vnica</strong></span> <span class='ocrx_word' id='word_1_157' title='bbox 893 1338 1005 1399; x_wconf 81' lang='lat' dir='ltr'><strong>legis</strong></span> <span class='ocrx_word' id='word_1_158' title='bbox 1035 1339 1288 1387; x_wconf 77' lang='lat' dir='ltr'><strong>violatione</strong></span> <span class='ocrx_word' id='word_1_159' title='bbox 1310 1346 1551 1390; x_wconf 81' lang='lat' dir='ltr'><strong>amittitur.</strong></span> 
     </span>
     <span class='ocr_line' id='line_1_20' title="bbox 91 1402 1554 1472; baseline 0.006 -26"><span class='ocrx_word' id='word_1_160' title='bbox 91 1407 193 1448; x_wconf 86' lang='lat' dir='ltr'><strong>Vna</strong></span> <span class='ocrx_word' id='word_1_161' title='bbox 209 1405 329 1449; x_wconf 86' lang='lat' dir='ltr'><strong>enim</strong></span> <span class='ocrx_word' id='word_1_162' title='bbox 342 1403 398 1449; x_wconf 84' lang='lat' dir='ltr'><strong>ad</strong></span> <span class='ocrx_word' id='word_1_163' title='bbox 413 1405 847 1450; x_wconf 82' lang='lat' dir='ltr'><strong>condemnationem</strong></span> <span class='ocrx_word' id='word_1_164' title='bbox 865 1402 1040 1449; x_wconf 84' lang='lat' dir='ltr'><strong>sufficit.</strong></span> <span class='ocrx_word' id='word_1_165' title='bbox 1091 1404 1375 1469; x_wconf 78' lang='lat' dir='ltr'><strong>Euangelicae</strong></span> <span class='ocrx_word' id='word_1_166' title='bbox 1404 1407 1554 1472; x_wconf 78' lang='lat' dir='ltr'><strong>dispar</strong></span> 
     </span>
     <span class='ocr_line' id='line_1_21' title="bbox 93 1466 1553 1529; baseline 0.005 -19"><span class='ocrx_word' id='word_1_167' title='bbox 93 1466 152 1510; x_wconf 86' lang='lat' dir='ltr'><strong>est</strong></span> <span class='ocrx_word' id='word_1_168' title='bbox 181 1470 298 1512; x_wconf 84' lang='lat' dir='ltr'><strong>ratio</strong></span> <span class='ocrx_word' id='word_1_169' title='bbox 326 1487 335 1512; x_wconf 90' lang='lat'>:</span> <span class='ocrx_word' id='word_1_170' title='bbox 365 1467 469 1513; x_wconf 71' lang='lat' dir='ltr'><strong>cum</strong></span> <span class='ocrx_word' id='word_1_171' title='bbox 492 1471 611 1514; x_wconf 90' lang='lat' dir='ltr'><strong>enim</strong></span> <span class='ocrx_word' id='word_1_172' title='bbox 639 1472 685 1512; x_wconf 90' lang='lat' dir='ltr'><strong>in</strong></span> <span class='ocrx_word' id='word_1_173' title='bbox 713 1467 966 1513; x_wconf 80' lang='lat' dir='ltr'><strong>remissione</strong></span> <span class='ocrx_word' id='word_1_174' title='bbox 1000 1484 1295 1529; x_wconf 83' lang='lat' dir='ltr'><strong>peccatorum</strong></span> <span class='ocrx_word' id='word_1_175' title='bbox 1320 1471 1553 1528; x_wconf 77' lang='lat' dir='ltr'><strong>confistat3</strong></span> 
     </span>
     <span class='ocr_line' id='line_1_22' title="bbox 92 1529 1553 1595; baseline 0.006 -21"><span class='ocrx_word' id='word_1_176' title='bbox 92 1529 244 1575; x_wconf 79' lang='lat' dir='ltr'><strong>Palam</strong></span> <span class='ocrx_word' id='word_1_177' title='bbox 271 1531 331 1576; x_wconf 87' lang='lat' dir='ltr'><strong>est</strong></span> <span class='ocrx_word' id='word_1_178' title='bbox 363 1531 665 1578; x_wconf 83' lang='lat' dir='ltr'><strong>violationem</strong></span> <span class='ocrx_word' id='word_1_179' title='bbox 701 1530 812 1595; x_wconf 80' lang='lat' dir='ltr'><strong>legis</strong></span> <span class='ocrx_word' id='word_1_180' title='bbox 854 1549 949 1576; x_wconf 91' lang='lat' dir='ltr'><strong>non</strong></span> <span class='ocrx_word' id='word_1_181' title='bbox 979 1530 1218 1578; x_wconf 81' lang='lat' dir='ltr'><strong>excludere</strong></span> <span class='ocrx_word' id='word_1_182' title='bbox 1247 1535 1553 1588; x_wconf 79' lang='lat' dir='ltr'><strong>remiffionem</strong></span> 
     </span>
     <span class='ocr_line' id='line_1_23' title="bbox 87 1592 1551 1660; baseline 0.005 -22"><span class='ocrx_word' id='word_1_183' title='bbox 87 1598 279 1655; x_wconf 81' lang='lat' dir='ltr'><strong>peccati.</strong></span> <span class='ocrx_word' id='word_1_184' title='bbox 331 1595 502 1640; x_wconf 81' lang='lat' dir='ltr'><strong>Iustitia</strong></span> <span class='ocrx_word' id='word_1_185' title='bbox 528 1592 818 1641; x_wconf 78' lang='lat' dir='ltr'><strong>ve&#39;romorali</strong></span> <span class='ocrx_word' id='word_1_186' title='bbox 843 1594 967 1641; x_wconf 87' lang='lat' dir='ltr'><strong>sensu</strong></span> <span class='ocrx_word' id='word_1_187' title='bbox 996 1612 1181 1659; x_wconf 81' lang='lat' dir='ltr'><strong>accepta</strong></span> <span class='ocrx_word' id='word_1_188' title='bbox 1194 1603 1476 1660; x_wconf 84' lang='lat' dir='ltr'><strong>opponitur,</strong></span> <span class='ocrx_word' id='word_1_189' title='bbox 1503 1623 1551 1651; x_wconf 82' lang='lat' dir='ltr'><strong>vt</strong></span> 
     </span>
     <span class='ocr_line' id='line_1_24' title="bbox 89 1656 1548 1726; baseline 0.005 -25"><span class='ocrx_word' id='word_1_190' title='bbox 89 1656 209 1710; x_wconf 88' lang='lat' dir='ltr'><strong>dixi,</strong></span> <span class='ocrx_word' id='word_1_191' title='bbox 242 1656 483 1704; x_wconf 84' lang='lat' dir='ltr'><strong>violationi</strong></span> <span class='ocrx_word' id='word_1_192' title='bbox 500 1658 613 1722; x_wconf 84' lang='lat' dir='ltr'><strong>legis</strong></span> <span class='ocrx_word' id='word_1_193' title='bbox 627 1692 640 1711; x_wconf 88' lang='lat'>,</span> <span class='ocrx_word' id='word_1_194' title='bbox 668 1658 757 1704; x_wconf 93' lang='lat' dir='ltr'><strong>hoc</strong></span> <span class='ocrx_word' id='word_1_195' title='bbox 772 1659 832 1703; x_wconf 89' lang='lat' dir='ltr'><strong>est</strong></span> <span class='ocrx_word' id='word_1_196' title='bbox 851 1692 862 1711; x_wconf 80' lang='grc'>,</span> <span class='ocrx_word' id='word_1_197' title='bbox 880 1660 1104 1721; x_wconf 80' lang='lat' dir='ltr'><strong>injustitiae</strong></span> <span class='ocrx_word' id='word_1_198' title='bbox 1119 1693 1132 1712; x_wconf 87' lang='lat'>,</span> <span class='ocrx_word' id='word_1_199' title='bbox 1156 1661 1344 1707; x_wconf 61' lang='lat' dir='ltr'><strong>actualis</strong></span> <span class='ocrx_word' id='word_1_200' title='bbox 1359 1667 1548 1726; x_wconf 80' lang='lat' dir='ltr'><strong>quidem</strong></span> 
     </span>
     <span class='ocr_line' id='line_1_25' title="bbox 86 1720 1549 1786; baseline 0.004 -20"><span class='ocrx_word' id='word_1_201' title='bbox 86 1720 252 1768; x_wconf 65' lang='lat' dir='ltr'><strong>actuali</strong></span> <span class='ocrx_word' id='word_1_202' title='bbox 267 1755 277 1774; x_wconf 90' lang='lat'>,</span> <span class='ocrx_word' id='word_1_203' title='bbox 304 1721 548 1769; x_wconf 80' lang='lat' dir='ltr'><strong>habitualis</strong></span> <span class='ocrx_word' id='word_1_204' title='bbox 566 1723 675 1769; x_wconf 76' lang='lat' dir='ltr'><strong>vero</strong></span> <span class='ocrx_word' id='word_1_205' title='bbox 700 1721 939 1768; x_wconf 77' lang='lat' dir='ltr'><strong>habituali.</strong></span> <span class='ocrx_word' id='word_1_206' title='bbox 990 1723 1079 1769; x_wconf 89' lang='lat' dir='ltr'><strong>Sed</strong></span> <span class='ocrx_word' id='word_1_207' title='bbox 1097 1728 1316 1786; x_wconf 64' lang='lat' dir='ltr'><strong>quaeritur</strong></span> <span class='ocrx_word' id='word_1_208' title='bbox 1329 1744 1383 1772; x_wconf 88' lang='lat' dir='ltr'><strong>an</strong></span> <span class='ocrx_word' id='word_1_209' title='bbox 1399 1731 1549 1779; x_wconf 80' lang='lat' dir='ltr'><strong>viola..</strong></span> 
     </span>
     <span class='ocr_line' id='line_1_26' title="bbox 85 1779 1550 1851; baseline 0.011 -24"><span class='ocrx_word' id='word_1_210' title='bbox 85 1788 152 1830; x_wconf 78' lang='lat' dir='ltr'><strong>tio</strong></span> <span class='ocrx_word' id='word_1_211' title='bbox 167 1785 351 1831; x_wconf 62' lang='lat' dir='ltr'><strong>actualis</strong></span> <span class='ocrx_word' id='word_1_212' title='bbox 368 1786 553 1832; x_wconf 81' lang='lat' dir='ltr'><strong>inducat</strong></span> <span class='ocrx_word' id='word_1_213' title='bbox 565 1779 809 1832; x_wconf 74' lang='lat' dir='ltr'><strong>necessario</strong></span> <span class='ocrx_word' id='word_1_214' title='bbox 826 1790 1326 1851; x_wconf 85' lang='lat' dir='ltr'><strong>priuationemjustitiae</strong></span> <span class='ocrx_word' id='word_1_215' title='bbox 1341 1791 1550 1844; x_wconf 80' lang='lat' dir='ltr'><strong>habitua-</strong></span> 
     </span>
     <span class='ocr_line' id='line_1_27' title="bbox 89 1847 1546 1915; baseline 0.005 -24"><span class='ocrx_word' id='word_1_216' title='bbox 89 1847 170 1893; x_wconf 78' lang='lat' dir='ltr'><strong>lis?</strong></span> <span class='ocrx_word' id='word_1_217' title='bbox 199 1849 506 1905; x_wconf 64' lang='lat' dir='ltr'><strong>Distinffione</strong></span> <span class='ocrx_word' id='word_1_218' title='bbox 527 1868 642 1914; x_wconf 84' lang='lat' dir='ltr'><strong>opus</strong></span> <span class='ocrx_word' id='word_1_219' title='bbox 663 1851 737 1896; x_wconf 85' lang='lat' dir='ltr'><strong>est.</strong></span> <span class='ocrx_word' id='word_1_220' title='bbox 786 1851 953 1915; x_wconf 83' lang='lat' dir='ltr'><strong>Dispar</strong></span> <span class='ocrx_word' id='word_1_221' title='bbox 980 1853 1100 1897; x_wconf 80' lang='lat' dir='ltr'><strong>enim</strong></span> <span class='ocrx_word' id='word_1_222' title='bbox 1130 1854 1191 1897; x_wconf 85' lang='lat' dir='ltr'><strong>est</strong></span> <span class='ocrx_word' id='word_1_223' title='bbox 1218 1858 1335 1901; x_wconf 77' lang='lat' dir='ltr'><strong>ratio</strong></span> <span class='ocrx_word' id='word_1_224' title='bbox 1360 1856 1546 1910; x_wconf 67' lang='lat' dir='ltr'><strong>habitus</strong></span> 
     </span>
     <span class='ocr_line' id='line_1_28' title="bbox 83 1912 1547 1982; baseline 0.012 -27"><span class='ocrx_word' id='word_1_225' title='bbox 83 1912 259 1973; x_wconf 84' lang='lat' dir='ltr'><strong>justitiae</strong></span> <span class='ocrx_word' id='word_1_226' title='bbox 275 1913 494 1959; x_wconf 80' lang='lat' dir='ltr'><strong>naturalis</strong></span> <span class='ocrx_word' id='word_1_227' title='bbox 518 1914 590 1960; x_wconf 86' lang='lat' dir='ltr'><strong>scu</strong></span> <span class='ocrx_word' id='word_1_228' title='bbox 609 1913 766 1978; x_wconf 64' lang='lat' dir='ltr'><strong>legalia</strong></span> <span class='ocrx_word' id='word_1_229' title='bbox 786 1950 796 1966; x_wconf 93' lang='lat'>,</span> <span class='ocrx_word' id='word_1_230' title='bbox 821 1915 968 1976; x_wconf 83' lang='lat' dir='ltr'><strong>qualis</strong></span> <span class='ocrx_word' id='word_1_231' title='bbox 983 1916 1270 1979; x_wconf 82' lang='lat' dir='ltr'><strong>ponitureffe</strong></span> <span class='ocrx_word' id='word_1_232' title='bbox 1286 1922 1332 1963; x_wconf 90' lang='lat' dir='ltr'><strong>in</strong></span> <span class='ocrx_word' id='word_1_233' title='bbox 1351 1918 1547 1982; x_wconf 77' lang='lat' dir='ltr'><strong>Ad&#39;am0‚</strong></span> 
     </span>
     <span class='ocr_line' id='line_1_29' title="bbox 87 1975 1545 2043; baseline 0.011 -22"><span class='ocrx_word' id='word_1_234' title='bbox 87 1981 133 2021; x_wconf 85' lang='lat'>&amp;</span> <span class='ocrx_word' id='word_1_235' title='bbox 147 1975 329 2022; x_wconf 80' lang='lat' dir='ltr'><strong>habitus</strong></span> <span class='ocrx_word' id='word_1_236' title='bbox 342 1977 520 2040; x_wconf 67' lang='lat' dir='ltr'><strong>justitiae</strong></span> <span class='ocrx_word' id='word_1_237' title='bbox 534 1976 882 2039; x_wconf 78' lang='lat' dir='ltr'><strong>supernaturalis</strong></span> <span class='ocrx_word' id='word_1_238' title='bbox 899 1978 971 2025; x_wconf 89' lang='lat' dir='ltr'><strong>seu</strong></span> <span class='ocrx_word' id='word_1_239' title='bbox 985 1979 1272 2043; x_wconf 72' lang='lat' dir='ltr'><strong>euangelicae.</strong></span> <span class='ocrx_word' id='word_1_240' title='bbox 1326 1986 1406 2034; x_wconf 85' lang='lat' dir='ltr'><strong>Illa</strong></span> <span class='ocrx_word' id='word_1_241' title='bbox 1423 1996 1545 2040; x_wconf 84' lang='lat' dir='ltr'><strong>enim</strong></span> 
     </span>
     <span class='ocr_line' id='line_1_30' title="bbox 85 2038 1548 2117; baseline 0.009 -34"><span class='ocrx_word' id='word_1_242' title='bbox 85 2055 169 2084; x_wconf 88' lang='lat' dir='ltr'><strong>nec</strong></span> <span class='ocrx_word' id='word_1_243' title='bbox 183 2038 306 2103; x_wconf 87' lang='lat' dir='ltr'><strong>spem</strong></span> <span class='ocrx_word' id='word_1_244' title='bbox 319 2040 515 2086; x_wconf 89' lang='lat' dir='ltr'><strong>includit</strong></span> <span class='ocrx_word' id='word_1_245' title='bbox 533 2041 800 2088; x_wconf 83' lang='lat' dir='ltr'><strong>remissionis</strong></span> <span class='ocrx_word' id='word_1_246' title='bbox 813 2059 1127 2107; x_wconf 81' lang='lat' dir='ltr'><strong>peccatorum,</strong></span> <span class='ocrx_word' id='word_1_247' title='bbox 1143 2061 1224 2090; x_wconf 87' lang='lat' dir='ltr'><strong>nec</strong></span> <span class='ocrx_word' id='word_1_248' title='bbox 1238 2045 1420 2097; x_wconf 62' lang='lat' dir='ltr'><strong>aliunde}</strong></span> <span class='ocrx_word' id='word_1_249' title='bbox 1434 2071 1548 2117; x_wconf 78' lang='lat' dir='ltr'><strong>pen-</strong></span> 
     </span>
     <span class='ocr_line' id='line_1_31' title="bbox 84 2101 1548 2178; baseline 0.007 -30"><span class='ocrx_word' id='word_1_250' title='bbox 84 2101 191 2150; x_wconf 88' lang='lat' dir='ltr'><strong>dete</strong></span> <span class='ocrx_word' id='word_1_251' title='bbox 206 2103 388 2152; x_wconf 87' lang='lat' dir='ltr'><strong>videtur</strong></span> <span class='ocrx_word' id='word_1_252' title='bbox 402 2105 541 2167; x_wconf 70' lang='lat' dir='ltr'><strong>qudm</strong></span> <span class='ocrx_word' id='word_1_253' title='bbox 558 2104 579 2149; x_wconf 73' lang='lat' dir='ltr'><strong>:i</strong></span> <span class='ocrx_word' id='word_1_254' title='bbox 597 2103 813 2153; x_wconf 86' lang='lat' dir='ltr'><strong>facultate</strong></span> <span class='ocrx_word' id='word_1_255' title='bbox 828 2108 1030 2153; x_wconf 87' lang='lat' dir='ltr'><strong>hominis</strong></span> <span class='ocrx_word' id='word_1_256' title='bbox 1047 2109 1255 2155; x_wconf 74' lang='lat' dir='ltr'><strong>naturali.</strong></span> <span class='ocrx_word' id='word_1_257' title='bbox 1271 2114 1432 2178; x_wconf 80' lang='lat' dir='ltr'><strong>Itaque</strong></span> <span class='ocrx_word' id='word_1_258' title='bbox 1448 2125 1548 2166; x_wconf 67' lang='lat' dir='ltr'><strong>vio..</strong></span> 
     </span>
     <span class='ocr_line' id='line_1_32' title="bbox 81 2163 1549 2238; baseline 0.013 -28"><span class='ocrx_word' id='word_1_259' title='bbox 81 2163 252 2219; x_wconf 83' lang='lat' dir='ltr'><strong>latione</strong></span> <span class='ocrx_word' id='word_1_260' title='bbox 268 2168 380 2233; x_wconf 85' lang='lat' dir='ltr'><strong>legis</strong></span> <span class='ocrx_word' id='word_1_261' title='bbox 397 2172 636 2214; x_wconf 77' lang='lat' dir='ltr'><strong>amittitur.</strong></span> <span class='ocrx_word' id='word_1_262' title='bbox 661 2173 770 2216; x_wconf 82' lang='lat' dir='ltr'><strong>Haec</strong></span> <span class='ocrx_word' id='word_1_263' title='bbox 785 2172 896 2217; x_wconf 75' lang='lat' dir='ltr'><strong>vero</strong></span> <span class='ocrx_word' id='word_1_264' title='bbox 912 2175 1019 2234; x_wconf 86' lang='lat' dir='ltr'><strong>quia</strong></span> <span class='ocrx_word' id='word_1_265' title='bbox 1035 2170 1172 2217; x_wconf 74' lang='lat' dir='ltr'><strong>fidem</strong></span> <span class='ocrx_word' id='word_1_266' title='bbox 1187 2191 1235 2218; x_wconf 77' lang='lat' dir='ltr'><strong>ac</strong></span> <span class='ocrx_word' id='word_1_267' title='bbox 1253 2174 1376 2238; x_wconf 82' lang='lat' dir='ltr'><strong>spem</strong></span> <span class='ocrx_word' id='word_1_268' title='bbox 1393 2185 1549 2232; x_wconf 86' lang='lat' dir='ltr'><strong>remis-</strong></span> 
     </span>
     <span class='ocr_line' id='line_1_33' title="bbox 82 2228 1546 2310; baseline 0.012 -36"><span class='ocrx_word' id='word_1_269' title='bbox 82 2228 217 2277; x_wconf 84' lang='lat' dir='ltr'><strong>fionis</strong></span> <span class='ocrx_word' id='word_1_270' title='bbox 244 2248 539 2296; x_wconf 83' lang='lat' dir='ltr'><strong>peccatorum</strong></span> <span class='ocrx_word' id='word_1_271' title='bbox 566 2232 758 2279; x_wconf 79' lang='lat' dir='ltr'><strong>includit</strong></span> <span class='ocrx_word' id='word_1_272' title='bbox 788 2267 801 2285; x_wconf 90' lang='lat'>,</span> <span class='ocrx_word' id='word_1_273' title='bbox 837 2242 883 2282; x_wconf 75' lang='grc' dir='ltr'><strong>δε</strong></span> <span class='ocrx_word' id='word_1_274' title='bbox 916 2234 1088 2298; x_wconf 84' lang='lat' dir='ltr'><strong>pendet</strong></span> <span class='ocrx_word' id='word_1_275' title='bbox 1115 2236 1170 2281; x_wconf 78' lang='lat' dir='ltr'><strong>ab</strong></span> <span class='ocrx_word' id='word_1_276' title='bbox 1196 2237 1287 2285; x_wconf 79' lang='lat' dir='ltr'><strong>alio</strong></span> <span class='ocrx_word' id='word_1_277' title='bbox 1314 2246 1546 2310; x_wconf 79' lang='lat' dir='ltr'><strong>principio</strong></span> 
     </span>
     <span class='ocr_line' id='line_1_34' title="bbox 80 2294 1543 2364; baseline 0.009 -26"><span class='ocrx_word' id='word_1_278' title='bbox 80 2294 216 2354; x_wconf 49' lang='lat' dir='ltr'><strong>quim</strong></span> <span class='ocrx_word' id='word_1_279' title='bbox 231 2295 432 2343; x_wconf 75' lang='lat' dir='ltr'><strong>humano</strong></span> <span class='ocrx_word' id='word_1_280' title='bbox 452 2330 465 2349; x_wconf 88' lang='lat'>‚</span> <span class='ocrx_word' id='word_1_281' title='bbox 500 2315 664 2361; x_wconf 87' lang='lat' dir='ltr'><strong>nempe</strong></span> <span class='ocrx_word' id='word_1_282' title='bbox 679 2298 703 2343; x_wconf 64' lang='grc' dir='ltr'><strong>εὶ</strong></span> <span class='ocrx_word' id='word_1_283' title='bbox 721 2300 895 2361; x_wconf 78' lang='lat' dir='ltr'><strong>Spiritu</strong></span> <span class='ocrx_word' id='word_1_284' title='bbox 911 2302 1274 2363; x_wconf 76' lang='lat' dir='ltr'><strong>regenerationis</strong></span> <span class='ocrx_word' id='word_1_285' title='bbox 1292 2307 1476 2364; x_wconf 65' lang='grc' dir='ltr'><em>Ξαυᾶο,</em></span> <span class='ocrx_word' id='word_1_286' title='bbox 1496 2318 1543 2361; x_wconf 65' lang='grc' dir='ltr'><strong>ὃς</strong></span> 
     </span>
     <span class='ocr_line' id='line_1_35' title="bbox 80 2359 1543 2428; baseline 0.014 -28"><span class='ocrx_word' id='word_1_287' title='bbox 80 2359 279 2405; x_wconf 86' lang='lat' dir='ltr'><strong>Decreto</strong></span> <span class='ocrx_word' id='word_1_288' title='bbox 294 2360 531 2407; x_wconf 65' lang='lat' dir='ltr'><strong>eleCkionis</strong></span> <span class='ocrx_word' id='word_1_289' title='bbox 543 2396 555 2412; x_wconf 94' lang='lat'><em>,</em></span> <span class='ocrx_word' id='word_1_290' title='bbox 582 2360 773 2426; x_wconf 89' lang='lat' dir='ltr'><strong>fimplici</strong></span> <span class='ocrx_word' id='word_1_291' title='bbox 790 2361 904 2428; x_wconf 81' lang='lat' dir='ltr'><strong>legis</strong></span> <span class='ocrx_word' id='word_1_292' title='bbox 920 2363 1174 2410; x_wconf 77' lang='lat' dir='ltr'><strong>violatione</strong></span> <span class='ocrx_word' id='word_1_293' title='bbox 1190 2382 1282 2412; x_wconf 87' lang='lat' dir='ltr'><strong>non</strong></span> <span class='ocrx_word' id='word_1_294' title='bbox 1296 2379 1543 2424; x_wconf 82' lang='lat' dir='ltr'><strong>excutitur.</strong></span> 
     </span>
     <span class='ocr_line' id='line_1_36' title="bbox 80 2420 1541 2490; baseline 0.013 -27"><span class='ocrx_word' id='word_1_295' title='bbox 80 2420 152 2464; x_wconf 87' lang='lat' dir='ltr'><strong>Est</strong></span> <span class='ocrx_word' id='word_1_296' title='bbox 172 2425 519 2472; x_wconf 86' lang='lat' dir='ltr'><strong>etiamviolatio</strong></span> <span class='ocrx_word' id='word_1_297' title='bbox 544 2423 656 2490; x_wconf 78' lang='lat' dir='ltr'><strong>legis</strong></span> <span class='ocrx_word' id='word_1_298' title='bbox 686 2426 852 2489; x_wconf 80' lang='lat' dir='ltr'><strong>duplex</strong></span> <span class='ocrx_word' id='word_1_299' title='bbox 881 2447 890 2472; x_wconf 90' lang='lat'>:</span> <span class='ocrx_word' id='word_1_300' title='bbox 918 2445 1006 2473; x_wconf 85' lang='lat' dir='ltr'><strong>vna</strong></span> <span class='ocrx_word' id='word_1_301' title='bbox 1031 2428 1089 2474; x_wconf 89' lang='lat' dir='ltr'><strong>est</strong></span> <span class='ocrx_word' id='word_1_302' title='bbox 1113 2425 1376 2481; x_wconf 81' lang='lat' dir='ltr'><strong>vniuetsalis</strong></span> <span class='ocrx_word' id='word_1_303' title='bbox 1398 2437 1541 2488; x_wconf 52' lang='lat' dir='ltr'><strong>&amp;Deo</strong></span> 
     </span>
     <span class='ocr_line' id='line_1_37' title="bbox 78 2484 1542 2566; baseline 0.012 -41"><span class='ocrx_word' id='word_1_304' title='bbox 78 2484 271 2554; x_wconf 52' lang='grc' dir='ltr'><strong>ιίῖωςασία</strong></span> <span class='ocrx_word' id='word_1_305' title='bbox 285 2520 296 2536; x_wconf 89' lang='grc'>,</span> <span class='ocrx_word' id='word_1_306' title='bbox 313 2488 387 2535; x_wconf 88' lang='lat' dir='ltr'><strong>seu</strong></span> <span class='ocrx_word' id='word_1_307' title='bbox 397 2492 594 2536; x_wconf 83' lang='lat' dir='ltr'><strong>mutatio</strong></span> <span class='ocrx_word' id='word_1_308' title='bbox 609 2490 710 2536; x_wconf 82' lang='lat' dir='ltr'><strong>finis</strong></span> <span class='ocrx_word' id='word_1_309' title='bbox 725 2491 902 2545; x_wconf 70' lang='lat' dir='ltr'><strong>vltimi5</strong></span> <span class='ocrx_word' id='word_1_310' title='bbox 922 2491 1061 2539; x_wconf 80' lang='lat' dir='ltr'><strong>altera</strong></span> <span class='ocrx_word' id='word_1_311' title='bbox 1077 2526 1088 2545; x_wconf 91' lang='lat'>,</span> <span class='ocrx_word' id='word_1_312' title='bbox 1104 2496 1377 2555; x_wconf 81' lang='lat' dir='ltr'><strong>particulare</strong></span> <span class='ocrx_word' id='word_1_313' title='bbox 1393 2504 1542 2566; x_wconf 83' lang='lat' dir='ltr'><strong>quod.</strong></span> 
     </span>
     <span class='ocr_line' id='line_1_38' title="bbox 74 2552 1540 2633; baseline 0.006 -37"><span class='ocrx_word' id='word_1_314' title='bbox 74 2562 145 2611; x_wconf 61' lang='lat' dir='ltr'><strong>gls</strong></span> <span class='ocrx_word' id='word_1_315' title='bbox 165 2564 416 2620; x_wconf 71' lang='lat' dir='ltr'><strong>peecatum.</strong></span> <span class='ocrx_word' id='word_1_316' title='bbox 463 2552 546 2623; x_wconf 69' lang='lat' dir='ltr'><strong>Illa</strong></span> <span class='ocrx_word' id='word_1_317' title='bbox 570 2553 781 2624; x_wconf 67' lang='lat' dir='ltr'><strong>habitum</strong></span> <span class='ocrx_word' id='word_1_318' title='bbox 799 2556 973 2623; x_wconf 58' lang='lat' dir='ltr'><strong>iufiiuae</strong></span> <span class='ocrx_word' id='word_1_319' title='bbox 998 2556 1121 2606; x_wconf 85' lang='lat' dir='ltr'><strong>delet</strong></span> <span class='ocrx_word' id='word_1_320' title='bbox 1140 2591 1152 2611; x_wconf 81' lang='lat'><em>,</em></span> <span class='ocrx_word' id='word_1_321' title='bbox 1178 2558 1273 2607; x_wconf 79' lang='lat' dir='ltr'><strong>haec</strong></span> <span class='ocrx_word' id='word_1_322' title='bbox 1299 2561 1425 2615; x_wconf 81' lang='lat' dir='ltr'><strong>laedit</strong></span> <span class='ocrx_word' id='word_1_323' title='bbox 1438 2571 1540 2633; x_wconf 69' lang='lat' dir='ltr'><strong>qui-</strong></span> 
     </span>
    </p>
   </div>
   <div class='ocr_carea' id='block_1_3' title="bbox 462 2617 1259 2699">
    <p class='ocr_par' dir='ltr' id='par_1_3' title="bbox 254 2613 1259 2699">
     <span class='ocr_line' id='line_1_39' title="bbox 462 2617 1259 2699; baseline 0 -2"><span class='ocrx_word' id='word_1_324' title='bbox 462 2616 627 2625; x_wconf 61' lang='grc'><em>’</em></span> <span class='ocrx_word' id='word_1_325' title='bbox 1107 2623 1194 2699; x_wconf 68' lang='lat' dir='ltr'><strong>Ff</strong></span> <span class='ocrx_word' id='word_1_326' title='bbox 1228 2644 1259 2697; x_wconf 57' lang='lat' dir='ltr'><em>z</em></span> 
     </span>
    </p>
   </div>
  </div>
 </body>
</html>
