2018 2844
203 167 294 221 DE
330 161 771 219 Ano-RNOVO
814 164 1275 218 'faurama
1411 183 1510 234 329

51 239 320 294 fatendum
344 240 412 293 est
437 240 534 291 hoc
549 239 852 291 attributum
873 237 1054 307 intraffi
1071 243 1122 291 in
1142 235 1370 289 mnndum
1393 278 1408 303 ,
1432 239 1516 294 seu

49 315 287 368 homines
311 355 327 382 ,
362 316 633 368 conuenire
657 331 744 383 per
775 310 825 366 se
863 317 913 366 &
947 313 1151 385 proprie
1185 317 1234 366 ὅ(
1275 314 1515 383 proxime

0 459 1 462 Ἴ
48 393 367 463 corruptioni
386 388 934 453 liaereditariae,remote
957 387 1239 451 tantumn&
1255 382 1388 439 illius
1403 406 1513 441 cor-

48 470 305 538 ruptionis
327 470 528 518 ratione
545 506 561 531 ,
585 479 795 534 peccato
820 462 1002 517 aetuali
1022 461 1234 515 Adami·
1282 465 1336 517 Si
1357 465 1515 535 igitur

47 546 312 614 corruptio
334 540 422 594 illa
445 541 514 594 est
546 540 658 594 vere
694 542 746 592 &
777 537 984 610 proprie
1010 552 1277 609 peccatum
1309 576 1324 601 ,
1354 541 1516 592 etiarn

29 618 154 688 post
171 617 505 690 baptismum,
525 630 579 668 vt
601 613 757 667 nostri
778 609 1014 668 aduersus
1035 609 1339 667 pontificios
1361 626 1511 667 tuen-

43 704 129 743 tur
146 733 161 759 ,
183 710 354 746 nonne
376 688 701 745 manifestum
725 691 794 746 est
811 730 826 756 ,
847 704 1115 761 peccatum
1136 686 1277 761 quod
1298 690 1353 741 in
1367 705 1515 741 mun-

45 765 434 828 dumintrauit,
459 769 565 819 eius
600 770 771 838 potius
804 759 1333 836 descriptIOnemesse
1357 761 1515 836 quiam

41 848 234 911 peccati
251 843 462 898 actualis
479 841 672 897 Adami
688 849 708 899 ἒ
723 845 837 897 Huc
851 842 1045 895 accedit
1062 840 1202 912 quod
1229 838 1515 910 Apostolus

41 920 116 970 ait
139 919 338 991 perhoc
358 933 626 991 peccatum
645 933 874 972 mortem
894 913 1147 971 introiisse
1165 915 1513 987 inmundum.

41 991 294 1048 Introitus
314 998 371 1049 in
386 995 642 1048 mundum
656 1010 931 1048 commune
949 991 1019 1045 est
1040 992 1233 1063 peccati
1257 992 1308 1043 &
1331 993 1518 1043 mortis

22 1071 367 1132 nattributum.
407 1075 700 1140 Vtrumque
717 1071 768 1122 in
781 1066 1036 1122 mundum
1049 1067 1283 1128 introiit,
1299 1061 1386 1118 sed
1405 1082 1517 1137 pec-

42 1157 213 1196 catum
240 1164 329 1217 per
353 1143 400 1198 se
428 1185 443 1211 ,
465 1163 604 1198 mors
635 1162 723 1216 per
745 1157 1024 1215 peccatum·
1070 1144 1213 1196 Mors
1239 1154 1412 1192 autem
1433 1142 1513 1194 in-

43 1222 190 1272 troiit
210 1218 380 1292 reapse
395 1261 411 1288 ,
430 1240 537 1274 non
550 1223 894 1291 imputatione
909 1258 925 1284 ,
943 1221 995 1270 &
1016 1235 1156 1272 mors
1179 1234 1286 1285 quae
1308 1217 1516 1269 introiit

40 1293 358 1349 inmundum
378 1297 564 1349 nonest
582 1313 723 1347 mors
744 1296 892 1346 vnius
917 1290 1108 1346 Adami
1127 1331 1143 1357 ,
1164 1287 1250 1342 sed
1270 1289 1514 1361 totuplex

40 1384 172 1439 quot
209 1367 323 1424 sunt
351 1371 609 1424 homines.
663 1367 806 1423 Cum
838 1385 964 1440 ergo
995 1367 1190 1421 constet
1215 1360 1315 1419 effe
1337 1382 1515 1438 pecca-

39 1455 155 1497 tum
174 1486 192 1513 ,
213 1462 395 1516 nempe
416 1444 803 1517 corruptionem
830 1442 1206 1496 haereditariam
1230 1478 1247 1505 ,
1262 1443 1405 1511 quod
1425 1458 1516 1492 eo-

39 1516 162 1573 dem
198 1518 399 1592 prorsus
421 1518 582 1574 modo
609 1521 866 1572 introierit
888 1522 941 1570 in
965 1515 1220 1570 mundum
1237 1555 1254 1582 ,
1272 1515 1400 1586 quid
1422 1515 1512 1580 est,

39 1611 127 1647 cur
143 1595 196 1649 id
209 1596 436 1650 hocloco
452 1614 560 1648 non
573 1593 919 1669 intelligamus
933 1591 1287 1665 potius,qu:32m
1302 1590 1356 1643 id
1368 1589 1514 1662 quod

37 1685 208 1740 neque
245 1674 465 1724 introitu
485 1674 541 1722 in
574 1669 828 1724 mundum
846 1709 881 1735 ¹,
912 1686 1077 1740 neque
1111 1685 1326 1721 nurnero
1350 1668 1513 1720 morti

39 1743 471 1816 correspondeat?
494 1747 736 1817 Denique
758 1743 791 1798 fi
819 1764 908 1816 per
915 1759 1150 1818 peccatum
1171 1743 1293 1816 quod
1308 1746 1359 1792 in
1372 1760 1510 1798 mun-

39 1819 366 1893 dumintroq't‚
388 1836 650 1893 peccatum
668 1821 861 1876 aestuale
879 1817 1410 1890 Adamiintelligitur,
1426 1833 1514 1868 neq

39 1892 165 1950 cesse
187 1896 257 1950 est
293 1936 309 1966 7
329 1911 385 1951 vt
404 1895 685 1967 Apostolus
714 1935 730 1960 ,
754 1895 838 1950 vel
867 1891 1066 1966 prorsus
1087 1889 1316 1945 omiserit
1341 1908 1510 1944 corru-

41 1975 282 2042 ptionem
304 1972 639 2025 inhaerentem
655 2010 671 2036 ,
690 1968 774 2025 vel
792 1968 910 2025 eam
929 1970 1114 2023 mortis
1137 1969 1353 2021 nomine
1367 1983 1510 2020 com-

39 2048 382 2118 prehenderit.
423 2051 540 2102 Hoc
559 2061 832 2117 Vtrumque
853 2044 923 2099 est
946 2041 1136 2098 falsum
1168 2066 1186 2105 3
1211 2042 1352 2115 Ergo
1375 2045 1427 2094 &
1449 2040 1510 2093 il-

35 2120 148 2175 lud.
191 2123 336 2177 Nam
357 2163 374 2190 ‚
404 2123 439 2178 fi
472 2122 662 2176 dixeris
687 2140 808 2176 eum
829 2123 1215 2192 corruptionem
1246 2115 1510 2170 haeredita·

36 2198 170 2252 riam
193 2195 556 2269 praetermififfe
573 2238 590 2265 ‚
617 2193 889 2269 sequentur
909 2196 1010 2250 duo
1031 2216 1040 2246 :
1065 2198 1243 2251 Vnum
1264 2233 1280 2260 ‚
1301 2210 1417 2245 eam
1444 2209 1509 2246 ex

38 2269 136 2326 hac
153 2290 265 2328 tota
277 2274 578 2339 collatione,
600 2291 754 2344 quarn
778 2276 911 2329 inter
926 2275 1152 2345 primum
1167 2274 1217 2324 δε
1232 2266 1511 2324 secundum

40 2345 308 2406 Adamum
322 2349 603 2425 Apostolus
616 2348 858 2418 instituit,
877 2347 1053 2420 colligi
1075 2364 1184 2399 non
1205 2341 1361 2417 poffe.
1374 2341 1508 2398 Non

40 2426 186 2488 enim
219 2427 315 2480 alia
346 2426 482 2483 mala
501 2445 567 2480 ex
601 2422 813 2480 Adamo
842 2429 897 2479 in
912 2441 1070 2498 genus
1085 2421 1369 2475 humanum
1397 2435 1509 2475 ma-

42 2498 180 2552 naffe
197 2497 518 2572 sequentibus
531 2500 749 2558 versibus
760 2498 1092 2572 docet,qu?tm
1104 2516 1213 2571 quae
1228 2495 1330 2548 hoc
1345 2497 1398 2555 5!
1409 2512 1449 2547 .1
1461 2510 1506 2545 2,

44 2578 356 2651 1301313231215·
403 2580 467 2654 ‚14
484 2594 661 2655 amsa}
694 2578 868 2654 Pighii.
888 2571 1090 2651 causam
1107 2571 1257 2630 '²¹‘st
1277 2570 1475 2643 iuuabit
1490 2605 1509 2635 2
