2018 2844
94 162 229 218 ratio
255 164 419 234 magis
440 161 503 214 ad
517 159 713 216 malum
742 160 873 215 illud
896 155 1190 230 augendum
1205 193 1220 219 ,
1243 152 1398 223 quam
1417 148 1483 205 ad
1503 148 1609 205 tol-

97 237 336 300 lendum,
370 238 766 290 accommodata
802 232 970 289 fuiss'et
993 240 1018 286 ἒ
1047 235 1190 286 Cum
1211 232 1352 282 enim
1379 230 1521 282 Deus
1542 225 1605 281 fit

96 315 238 366 Deus
255 312 466 377 ordiniS,
481 317 530 366 δέ
549 311 671 364 velit
691 314 865 365 omnia
879 307 988 362 fieri
1012 309 1065 359 in
1087 301 1306 360 Ecclesia
1322 300 1601 357 secundum

97 388 333 439 ordinem
353 390 401 440 δέ
418 387 675 450 decenter,
691 383 944 438 accusatio
956 381 1127 435 fratris
1145 382 1171 434 5
1185 377 1337 434 fratre
1355 377 1600 433 ordinem

96 464 149 513 in
172 460 384 516 Ecclesia
410 463 510 515 Dei
540 461 674 514 recte*
701 461 1034 515 constitutum
1061 457 1258 508 violans
1283 453 1599 525 probabilius

97 537 471 606 perturbationi
490 536 638 588 alicui
660 536 893 588 humanae
908 533 1176 603 quamDei
1201 526 1598 601 spirituiascribi

94 608 353 679 potuisset,
379 613 428 664 δι
454 625 668 681 quantas
694 611 875 664 Placeo
899 608 1312 680 opportunitates
1327 605 1597 674 querendi,

94 701 154 735 ac
176 682 483 739 sententiam
509 682 649 737 suam
695 682 1005 737 defendendi
1039 685 1089 735 &
1122 680 1441 754 propagandi
1461 694 1598 734 attu-

92 757 223 813 liss'et
244 758 279 812 fi
295 761 368 812 vti
384 758 644 812 occasione
662 759 934 829 voluisset?

175 836 594 909 Qaenamigitur
606 834 819 887 tandem
834 825 1102 887 necessaria
1130 828 1273 885 causa
1294 829 1464 886 fuisset
1485 835 1610 890 vio-x

25 916 31 922 ’
89 907 232 962 landi
252 910 484 964 ordinem
512 924 656 962 tanta
677 911 957 963 autoritate
994 911 1045 960 δε
1070 903 1314 976 sapientia
1338 906 1589 979 positum?

91 978 444 1057 Respondebit
473 982 610 1038 forte
625 984 808 1055 aliquis
835 1022 850 1048 ,
890 982 1106 1048 Exclusos
1106 977 1242 1053 fhsffi
1246 999 1333 1056 per
1353 987 1593 1057 angustia

88 1066 301 1133 temporis
318 1064 510 1131 quirem
529 1060 598 1110 ad
615 1060 844 1130 synodum
858 1060 1137 1111 nationalem
1164 1058 1429 1112 detulerunt
1444 1100 1460 1126 ,
1483 1080 1595 1134 quo.

89 1138 244 1186 minus
281 1135 432 1209 pqst'tae
469 1137 772 1198 constitutioni
811 1132 1109 1208 obtemperare
1140 1130 1327 1206 pffnt.
1383 1136 1593 1195 Scilicet

89 1225 180 1280 per
213 1212 463 1282 angustias
482 1226 703 1282 quatuor
730 1224 819 1262 aut
859 1212 1083 1279 quinque
1111 1227 1364 1262 annorum
1400 1230 1507 1268 non
1533 1215 1596 1268 li.

88 1285 195 1336 cuit
220 1284 591 1339 accusatoribus
625 1286 1060 1356 expostulationes
1091 1285 1204 1337 suas
1233 1284 1297 1337 ad
1321 1287 1592 1358 Synodum

90 1356 307 1413 Andum
347 1356 561 1413 deferre.
601 1362 701 1417 Sed
733 1362 875 1413 enim
910 1358 1161 1434 Septembri
1194 1358 1404 1414 demum
1443 1371 1596 1437 menſs

84 1431 243 1487 habita
265 1436 328 1505 est
344 1439 396 1488 in
417 1440 650 1489 occitania
652 1435 877 1508 superiori
888 1455 940 1486 ea
952 1436 1159 1505 synodus
1173 1472 1188 1499 ,
1213 1437 1266 1487 in
1279 1453 1372 1508 qua
1382 1438 1593 1511 primda·

90 1510 341 1582 expefitum
370 1509 525 1580 esthoc
549 1526 779 1581 negotmm
805 1508 861 1567 cb·
876 1507 986 1561 verb
1000 1517 1211 1586 proximo
1233 1513 1473 1568 Decembri
1483 1536 1592 1572 con.

85 1583 318 1636 necandus
337 1600 438 1637 erat
453 1588 718 1653 Carentemq'*
747 1586 999 1636 nationale&
1018 1598 1258 1636 conuentus
1280 1603 1292 1634 ε
1336 1587 1482 1643 Esto.
1518 1591 1592 1649 At

85 1658 261 1728 primo
289 1662 655 1730 curexpeitata
680 1659 750 1712 es't
767 1659 856 1730 iila
876 1658 1115 1731 Synodus
1128 1660 1467 1716 Prouincialis
1483 1666 1594 1721 Na.

84 1732 268 1785 tionali
295 1737 573 1805 proxima?
607 1735 717 1788 Cur
739 1736 792 1786 in
823 1732 1136 1804 praecedente
1181 1732 1352 1806 aliqua
1393 1741 1592 1813 expofi.

86 1819 200 1859 tum
250 1826 357 1861 non
395 1810 463 1863 est
509 1808 610 1861 hoc
647 1811 954 1881 negotium?
998 1809 1244 1864 Excusari
1284 1827 1390 1866 non
1427 1820 1592 1887 potest

82 1879 302 1936 ‘thesium
339 1883 509 1938 Placei
546 1885 600 1936 in
633 1900 693 1935 ea
728 1886 994 1955 prouincia
1034 1886 1316 1958 ignoratio.
1353 1887 1495 1944 Nam
1534 1898 1592 1951 &

85 1959 445 2026 quinquennio
465 1957 584 2012 ante
602 1998 618 2024 ,
639 1973 696 2014 vt
716 1959 844 2024 dixi,
869 1958 1085 2030 vulgatae
1109 1961 1306 2028 fuerant
1329 2004 1344 2025 ‚
1369 1969 1419 2019 δε
1434 1967 1591 2026 miffae

83 2030 270 2100 abipso
290 2032 475 2086 Placeo
489 2033 553 2085 ad
575 2036 644 2088 D.
662 2033 928 2088 Delonum
944 2036 1173 2090 Ecclesiae
1193 2040 1592 2099 Montalbanen.

80 2103 147 2158 fis
178 2105 456 2160 Pastorem.
500 2110 609 2164 Cur
639 2111 796 2179 igitur
815 2111 996 2163 tandiu
1037 2111 1196 2166 dilata
1236 2115 1305 2168 est
1343 2115 1589 2176 Thefium

81 2176 287 2232 illarum
320 2181 608 2250 accusat10‚
638 2183 889 2253 siquidem
926 2182 1039 2238 sunt
1063 2188 1344 2249 accusatae?
1380 2196 1589 2252 Deinde

79 2268 171 2306 cur
204 2252 384 2309 saltem
406 2271 522 2310 toto
548 2258 643 2312 ino
664 2261 937 2319 trimestri,
977 2263 1262 2333 quodinter
1294 2269 1591 2325 Prouincia-

78 2326 182 2381 lem
207 2330 351 2384 illam
380 2332 650 2404 Synodum
681 2338 733 2388 &
764 2334 1102 2389 Nationalem
1131 2338 1414 2396 interfluxit
1433 2386 1448 2411 ,
1472 2345 1588 2399 scri.

83 2416 229 2490 pturn
245 2423 347 2458 non
363 2408 431 2459 est
444 2409 507 2459 ad
521 2410 778 2470 Placeum,
801 2426 855 2464 vt
877 2409 1058 2465 saltem
1074 2413 1241 2486 aliqua
1260 2435 1322 2470 ex
1347 2437 1480 2489 parte
1506 2441 1587 2476 or-

83 2474 195 2530 dmi
209 2477 487 2539 satisfieret.
507 2483 618 2539 Cur
629 2504 734 2541 non
752 2488 821 2543 est
841 2487 1138 2546 admonitus
1166 2490 1227 2542 de
1246 2503 1451 2557 errore?
1472 2499 1585 2557 Cur
1613 2542 1617 2546 .

1153 2569 1248 2623 ΒΖ
