2018 2844
445 136 548 187 '162
801 127 973 185 MAN·
1030 128 1230 183 Pom.
1293 121 1583 182 CA‘p.11.‘

446 210 543 262 uit.
579 202 730 261 Idem
753 203 814 258 de
831 202 1050 258 secundo
1075 201 1243 256 modo
1258 201 1538 256 dicendum
1561 219 1572 252 z
1602 199 1757 272 quarn
1778 201 1923 256 enim

445 281 564 339 vere
586 280 774 334 dicitur
796 293 1064 353 peccatum
1091 277 1287 335 Adami
1303 281 1357 334 in
1374 296 1470 331 nos
1493 273 1735 331 tranfiiffe
1753 318 1770 344 ,
1793 275 1926 331 deri⁴

446 373 629 413 uatum
657 396 672 422 ,
700 352 1050 411 transmissum
1077 397 1092 423 ‚
1130 369 1477 428 propagatum
1507 347 1638 420 effe,
1660 350 1774 406 tam
1800 352 1924 411 vere

447 438 608 488 etiam
624 431 809 486 dicitur
831 431 984 485 nobis
1006 432 1077 486 im
1119 434 1626 503 utari.Propagatum
1645 429 1715 483 est
1728 442 1923 496 autem,

445 527 555 564 non
567 507 666 582 qua
681 504 779 562 fuit
799 511 935 562 aetio
950 523 1062 563 tran
1085 526 1213 573 ienS,
1224 503 1310 561 sed
1321 506 1423 579 qua
1435 505 1535 560 fuit
1549 503 1798 560 vitiofitas
1813 523 1924 578 per..

446 603 684 651 manem,
709 602 817 638 non
832 584 932 657 qua
943 583 1043 639 fuit
1064 597 1332 658 peccatum
1348 577 1689 655 personae,sed
1709 581 1812 655 qua
1823 580 1925 641 fuit

443 676 719 735 peccatum
743 675 933 733 naturae
961 701 979 727 ‚
997 679 1106 713 non
1126 659 1229 731 qua
1251 657 1382 711 olim
1403 657 1501 712 esse
1521 656 1615 711 defi
1623 659 1667 727 jt
1687 660 1742 710 in
1753 676 1924 716 rerum

446 750 633 790 natura
651 775 668 802 ,
684 732 769 789 sed
786 736 886 808 qua
907 751 1101 790 naturae
1117 735 1353 788 humanae
1366 735 1580 804 adheret
1596 774 1611 801 ‚
1629 751 1847 806 cumque
1863 755 1923 792 ea

444 811 826 885 multiplicatur
861 816 915 867 δε
944 824 1272 885 propagatur.
1323 812 1491 866 Porro
1517 824 1576 863 vt
1607 825 1790 864 natura
1807 830 1924 867 mea

445 903 733 961 propagata
763 892 816 943 δε
836 887 1068 942 deriuata
1089 888 1152 941 ab
1184 885 1393 942 Adamo
1429 885 1602 941 differt
1637 903 1855 941 numero
1891 888 1923 943 ὁ.

444 979 629 1019 natura
645 958 859 1031 Adami,
877 963 940 1018 fic
954 979 1222 1037 peccatum
1242 964 1305 1017 ab
1328 961 1538 1017 Adamo
1551 960 1842 1016 deriuatum
1868 970 1921 1021 &

443 1055 796 1115 propagatum
812 1038 996 1094 differt·
1012 1057 1230 1094 numero
1249 1040 1277 1092 a
1302 1052 1512 1110 peccato
1537 1035 1751 1092 Adami.
1790 1040 1925 1093 Hac-

442 1127 592 1169 tenus
619 1156 634 1182 ‚
665 1113 756 1168 nisi
780 1134 865 1169 me
892 1113 1026 1169 fallit
1046 1118 1249 1168 animus
1279 1155 1295 1181 ,
1321 1116 1456 1166 inter
1481 1132 1575 1166 nos
1603 1109 1829 1181 summus
1850 1117 1923 1172 est

443 1187 716 1245 consensus
735 1231 750 1257 ,
771 1190 937 1245 modo
963 1189 1097 1245 nolis
1111 1208 1297 1262 negare
1310 1188 1702 1262 corruptionem
1713 1187 1924 1246 haeredi-

442 1269 632 1320 tariam
652 1263 752 1321 effe
770 1266 886 1321 vere
901 1267 1471 1340 peccatumirregenitis
1486 1263 1814 1337 imputabile,
1835 1267 1921 1322 vel

443 1346 617 1413 potius
655 1343 1022 1415 imputandum
1045 1343 1112 1395 ad
1143 1341 1656 1395 condemnationem.
1700 1343 1860 1415 Qod
1885 1343 1920 1399 fi

440 1417 499 1470 id
524 1436 679 1492 neges
702 1458 718 1484 ,
741 1418 846 1472 haec
866 1422 1018 1472 tertia
1042 1419 1455 1472 exorieturinter
1486 1434 1568 1471 me
1586 1420 1701 1470 &te
1715 1433 1923 1475 contro*

440 1491 603 1547 uerfia
621 1534 637 1561 ,
660 1512 767 1566 quae
783 1498 1018 1565 quamvis
1040 1495 1263 1567 proprijs
1286 1494 1605 1564 argumentis
1618 1489 1806 1546 confici
1828 1515 1921 1570 po·
1983 1497 1985 1499 ’

440 1572 584 1637 terit,
599 1584 779 1623 tamen
805 1573 868 1639 ijs
882 1568 1013 1623 nihil
1033 1587 1162 1640 opus
1183 1572 1309 1622 erit:
1336 1586 1457 1628 nam
1480 1565 1717 1621 refutatis
1743 1567 1923 1642 (quod

440 1643 540 1699 feci
555 1643 919 1717 inThefibus)
956 1644 1350 1716 exceptionibus
1372 1646 1547 1699 Socini
1569 1684 1585 1709 2
1604 1643 1800 1716 Pelagij
1825 1687 1841 1714 ,
1865 1653 1919 1704 &

439 1718 637 1792 Pighij,
653 1717 844 1774 necesse
863 1722 935 1776 est
952 1718 1124 1785 fateri,
1139 1716 1430 1775 Vniuersam
1446 1719 1589 1785 illlam
1603 1720 1919 1777 condemna-

439 1797 644 1848 tionem
662 1836 677 1862 ,
697 1813 856 1866 quam
882 1793 1163 1869 Apostolus
1183 1793 1248 1846 ad
1264 1797 1499 1850 Rom.v.1
1513 1813 1556 1846 2.
1576 1792 1798 1850 inculcat
1818 1836 1834 1864 ,
1852 1817 1917 1853 ex
1934 1842 1952 1852 Α.

435 1869 547 1926 sola
564 1870 652 1924 illa
670 1876 1010 1945 corruptione
1023 1910 1038 1939 ,
1062 1889 1170 1944 quae
1187 1867 1368 1943 alapsu
1384 1869 1578 1925 Adami
1595 1869 1774 1939 fluxit,
1800 1891 1920 1946 pro-

435 1945 579 2003 xime*
601 1945 783 1999 enasci.

498 2099 532 2144 P
549 2097 708 2145 LAC.
760 2098 855 2142 Has
888 2108 980 2139 tres
997 2091 1184 2142 vltimas
1199 2097 1378 2160 peccati
1395 2091 1607 2141 Adamici
1623 2094 1935 2162 acceptiones'

434 2165 496 2211 D.
523 2165 631 2208 Gar.
661 2164 832 2207 mirum
855 2163 902 2205 in
932 2158 1126 2207 modum
1145 2164 1344 2225 exagitat
1373 2182 1383 2206 ι
1412 2176 1504 2224 qua
1528 2173 1718 2207 mente?
1745 2162 1914 2213 nescio.

432 2225 567 2276 Nihil
589 2230 713 2273 enim
735 2225 782 2272 id
801 2231 930 2286 juuat
958 2223 1125 2272 statum
1144 2227 1439 2290 quaestionis,
1467 2239 1545 2270 aut
1572 2224 1753 2272 causam
1770 2245 1912 2292 quam

431 2295 525 2357 agit
552 2324 565 2343 ‚
595 2297 643 2339 δε
674 2293 921 2338 [εόὶοῐειῃ
949 2288 1180 2337 inutiliter
1208 2305 1435 2339 motatur.
1475 2289 1607 2352 Qd
1631 2291 1756 2337 enim
1781 2297 1828 2338 in
1859 2313 1911 2341 ea

429 2359 633 2409 nominis
670 2356 965 2403 distinetione
1006 2355 1343 2420 reprehendit?
1398 2355 1529 2403 Num
1562 2373 1663 2402 eam
1699 2353 1910 2408 falsitati-s

430 2424 583 2485 arguit
612 2431 626 2465 ἒ
656 2420 865 2468 minime.
924 2422 1053 2468 Num
1084 2437 1225 2486 negat
1248 2423 1295 2464 in
1332 2437 1385 2466 ea
1406 2436 1454 2467 re
1484 2418 1759 2470 consensum
1783 2421 1901 2473 esse?

426 2500 737 2555 aequaque&
793 2484 929 2558 Qvi
951 2502 1066 2556 51‘80.
1090 2489 1220 2558 agii}
1248 2481 1399 2554 ipsa&
1423 2483 1550 2555 aud&
1627 2485 1737 2491 W*
