2018 2844
187 126 282 182 DE
338 141 582 180 'ritinvs
642 122 1299 184 s1M'121TV151N13vs8
1426 135 1538 199 267

60 196 334 267 probant,&
351 203 393 245 in
412 198 553 262 seipfis
574 199 731 248 fouent
751 220 800 249 ac
817 204 1093 249 conseruant.
1132 206 1235 251 Nec
1259 214 1454 262 vnquam
1469 219 1536 248 re-

58 268 252 330 perietur
283 266 434 311 Deum
472 265 670 312 iudicem
695 302 709 320 ,
729 282 801 313 aut
824 268 900 312 suo
914 268 1080 313 iudicio
1093 265 1240 315 fecisse
1259 282 1540 328 peccatorem

58 345 158 377 eum
173 358 189 382 ‚
210 333 289 391 qui
314 330 481 390 alioqui
495 346 584 376 non
599 328 738 377 fuiflet
755 347 986 394 peccator,
1006 347 1078 377 aut
1103 327 1316 378 sententiss.
1350 330 1422 376 suz'i
1452 333 1540 391 pri-

55 392 170 441 uaffe
180 394 367 456 aliquem
381 394 540 440 iustitia
555 394 792 441 inhaerente
806 411 904 449 ,aut
920 393 1132 459 puniuiffe
1148 397 1341 458 aliquem
1359 425 1372 446 ‚
1387 401 1428 439 in
1443 408 1541 455 quo

22 504 23 507 ,
56 474 147 506 non
165 458 268 505 ess‘et
287 474 512 521 peccatum
527 488 540 511 ‚
559 461 683 520 quod
699 461 817 506 illam
842 476 1022 524 poenam
1039 475 1270 509 mereretui
1285 496 1295 504 .
1333 459 1379 505 Si
1395 475 1540 521 quan-

57 525 118 571 do
154 524 272 569 nulla
304 524 448 568 habita
488 528 656 569 ratione
680 529 848 588 peccati
874 555 888 577 ,
922 542 1001 587 pro
1025 521 1275 570 summasua
1301 530 1342 570 in
1366 539 1544 576 creatu-

50 605 123 637 ras
141 588 369 650 potestate,
383 587 576 650 aliquem
591 587 721 652 affligi
737 592 1013 651 permittit,vt
1035 588 1218 642 Iobum,
1231 594 1275 637 ὅτ,
1294 602 1469 634 coecum
1485 590 1538 633 il-

54 655 146 700 lum
164 659 286 699 cuius
304 651 478 698 historia
489 669 685 701 narratur
704 653 856 712 Ioh.9.
872 655 916 700 id
929 671 1018 700 non
1039 654 1143 701 facit
1156 669 1201 699 vt
1216 653 1376 704 iudex,
1400 668 1480 698 nec
1494 667 1542 700 vt

55 716 223 766 iustitiae
239 715 441 768 satisfiat,
459 733 536 764 nec
553 733 595 763 vt
616 719 724 782 legis
747 722 1035 766 comminatio
1049 717 1340 781 adimpleatur
1354 747 1366 769 ‚
1398 715 1471 762 sed
1494 729 1543 764 vt

55 782 284 845 supremus
297 797 501 828 creaturae
519 780 598 829 suae
616 787 854 836 Dominus,
869 787 946 844 qui
960 782 1011 830 εξ
1026 786 1089 829 vti
1105 782 1248 847 potest
1265 798 1349 845 pro
1367 781 1447 827 suo
1467 797 1540 826 at·
1589 805 1591 807 ·

0 845 8 849 “
54 846 192 893 bitrio
213 846 265 893 ad
285 847 473 910 gloriam
485 845 626 900 suam,
655 847 713 894 ad
730 847 934 894 Ecciefiae
950 846 1292 894 aedificationem
1309 881 1323 900 ,
1345 845 1398 891 ad
1431 861 1542 891 con-

54 909 275 976 fufionern
293 909 479 957 hostium
500 913 701 965 suorum,
727 911 783 960 ad
808 912 1124 976 probationem
1148 913 1264 960 illius
1293 913 1372 974 qui
1403 908 1460 956 fic
1474 909 1545 968 aff

57 973 245 1039 fligitur.
1110 1022 1114 1025 ,

133 1041 293 1096 Certe
319 1039 574 1095 eiusmodi
595 1044 942 1114 imputatione
960 1056 1016 1097 vt
1042 1042 1197 1096 bonis
1218 1039 1319 1095 illis
1339 1044 1546 1114 ptinen-

56 1129 142 1170 tur
163 1116 432 1189 nihilopus
454 1118 541 1171 est.
601 1115 797 1173 Sufficit
811 1120 954 1171 enim
970 1117 1032 1170 ad
1049 1117 1123 1186 id,
1141 1134 1411 1190 parentem
1433 1137 1545 1188 quae

57 1211 166 1246 non
190 1194 345 1258 habet
365 1233 383 1259 ,
415 1194 709 1264 quae-amisit
733 1234 748 1260 ,
779 1194 951 1247 liberis
977 1191 1075 1246 suis
1108 1195 1227 1247 dare
1251 1212 1358 1246 non
1380 1189 1543 1265 posse·

59 1267 157 1324 Fac
177 1273 317 1321 euim
332 1269 513 1321 eadem
529 1267 617 1321 illa
633 1270 711 1323 vel
733 1269 861 1323 belli
883 1269 1196 1333 calamitate,
1214 1268 1295 1324 vel
1316 1271 1544 1325 Domini

56 1344 304 1398 iniustitia
328 1385 343 1410 2
360 1343 443 1396 vel
459 1346 612 1399 vicini
626 1348 830 1411 iniuria,
855 1345 935 1399 vel
952 1344 1122 1417 aliqua
1140 1347 1238 1398 alia
1259 1347 1461 1397 ratione
1480 1342 1539 1396 si-

60 1438 126 1472 ne
152 1421 256 1471 vllo
278 1419 598 1472 infidelitatis
624 1423 837 1475 crimine
857 1419 1105 1474 Aulicum
1138 1424 1376 1472 amittere
1396 1460 1412 1486 ,
1453 1433 1545 1472 aut

58 1498 222 1546 etiam
236 1497 471 1560 vendere,
490 1501 538 1548 δέ
567 1500 834 1564 pecuniam
857 1494 1158 1549 consumere
1186 1518 1198 1547 ε
1232 1494 1417 1564 ijsdem
1438 1494 1542 1546 illis

61 1569 215 1622 bonis
247 1572 580 1641 priuabuntur
614 1572 832 1624 haeredes
855 1569 1043 1642 absque
1080 1571 1183 1624 vlla
1218 1568 1541 1622 infidelitatis

62 1647 431 1718 imputatione,
454 1664 541 1698 aut
564 1648 746 1699 iudicis
763 1645 1147 1711 seiitenti51211ac
1166 1643 1270 1698 sola
1293 1647 1356 1697 de
1375 1643 1544 1713 causa,

61 1724 315 1784 quoniam
346 1741 501 1774 nemo
524 1721 612 1774 dat
641 1722 781 1793 quod
802 1742 910 1776 non
944 1721 1115 1775 habet.
1173 1721 1290 1789 Filij
1324 1721 1544 1773 haeredes

62 1795 178 1851 suut
213 1798 474 1850 bonorum
505 1816 853 1870 paternorum.
918 1801 1044 1871 Qiae
1078 1812 1253 1849 autem
1286 1813 1429 1868 pater
1459 1795 1541 1848 vel

62 1873 232 1925 amisit
257 1912 272 1936 ‚
305 1875 387 1926 vel
408 1873 642 1925 vendidit
668 1875 723 1925 in
748 1873 901 1925 bonis
923 1875 1146 1945 paternis
1176 1890 1285 1923 non
1317 1869 1541 1943 amplius

62 1946 197 2003 sunt.
245 1947 450 2019 Qodfi
469 1947 724 2000 humanus
744 1948 899 2001 iudex
925 1964 1198 2020 paternum
1209 1949 1405 2000 crimen
1423 1944 1544 2016 filijs

65 2026 139 2078 im
149 2039 440 2096 putat,nuni
458 2022 594 2075 idem
607 2025 750 2076 Deus
767 2020 932 2076 facere
946 2020 1217 2075 censendus
1233 2023 1303 2075 est
1318 2029 1340 2079 ἒ
1355 2027 1545 2078 Vtrum

67 2103 258 2171 aequius
280 2100 351 2151 est
362 2099 552 2152 nostras
571 2100 631 2151 de
655 2100 754 2154 Dei
773 2099 964 2151 iustitia
990 2100 1333 2171 cogitationes
1349 2096 1412 2149 ad
1427 2096 1548 2170 legii

68 2174 414 2229 humanarum
430 2193 668 2228 normam
688 2177 912 2248 exigere,
935 2176 1091 2245 quiin]
1117 2175 1180 2226 ad
1197 2172 1346 2244 ipsius
1358 2173 1462 2226 Dei
1479 2174 1549 2225 le·-

65 2265 191 2322 gem
213 2258 234 2307 Ρ,
256 2270 363 2302 non
380 2252 614 2303 arbitror.
658 2249 799 2304 Audi
819 2250 986 2322 legem
1003 2252 1122 2305 Dei.
1157 2251 1317 2302 Deut.
1342 2267 1434 2317 24·
1460 2256 1546 2302 16.

65 2384 69 2388 .
70 2343 152 2386 Ne
163 2341 304 2378 morte
314 2326 729 2400 iffficitmtorpatres
738 2344 823 2401 pro
825 2328 969 2398 βίῳ,
990 2327 1153 2399 nefily'
1173 2339 1314 2376 morte
1334 2325 1547 2395 afficiun-

29 2411 32 2414 ’
67 2414 225 2473 torpro
233 2401 443 2474 patribus
466 2425 480 2453 .·
506 2404 690 2476 quisque
694 2417 885 2477 propter
892 2417 1130 2476 peccatum
1128 2400 1273 2472 stusm
1288 2399 1553 2474 afficiuntor

75 2490 230 2527 morte.
256 2474 335 2530 Ac
356 2497 416 2531 ne
438 2482 633 2531 crimen
660 2477 1002 2543 infidelitatis,
1026 2476 1107 2530 vel
1128 2474 1249 2531 laesae
1271 2478 1549 2530 maiestatis

75 2553 334 2622 excipias,
365 2553 528 2611 obstat
554 2556 820 2630 Scriptura
847 2595 864 2624 ,
888 2573 935 2629 ²?
960 2553 1088 2614 Chr.
1118 2572 1200 2628 25·
1237 2571 1279 2626 3·
1302 2550 1550 2609 Amatzia
