2018 2844
438 212 582 287 Ergo
602 223 659 269 vt
691 208 931 268 Christus
953 207 1024 265 est
1051 208 1198 264 causa
1229 208 1497 264 meritoria
1525 205 1921 278 iustificationiS,

445 287 513 346 fic
529 289 763 346 Adamus
775 287 846 344 est
860 285 1006 340 causa
1022 289 1291 341 meritoria
1304 283 1926 358 condemnationis.Qo-

449 382 663 439 cunque.
701 366 845 417 enim
881 362 1048 417 modo
1086 380 1151 417 ex
1190 379 1252 417 ea
1276 360 1533 417 formetur
1579 356 1925 434 syllogismuS,

447 445 584 509 eim,
605 441 639 494 si
666 437 727 493 fit
759 442 812 493 in
837 442 1005 512 prima
1033 436 1195 513 figura
1217 478 1233 504 ,
1252 435 1439 493 vitiosa
1468 439 1566 490 erit
1587 433 1791 503 forma3
1813 437 1848 491 st
1867 439 1927 494 in

447 520 601 570 tertia
619 557 634 583 ‚
655 519 828 568 minor
853 517 951 568 erit
966 513 1140 586 aperte
1159 511 1299 567 falsa.
1341 516 1541 568 Demus
1558 527 1735 565 tamen
1752 553 1768 580 ‚
1788 511 1929 568 Ada-

448 611 596 646 mum
610 590 707 647 effe
728 589 933 645 causam
944 592 1266 647 meritoriam
1285 589 1769 642 condemnationis:
1797 607 1925 642 num

447 668 572 723 inde
599 665 938 738 consequetur
962 669 1155 738 peccati
1178 665 1418 720 Adamici
1442 667 1723 737 imputatio
1741 666 1924 718 imme·

451 742 591 797 diata
613 751 634 801 ἒ
674 743 818 796 nullo
840 741 1019 806 modo.
1062 742 1147 796 Est
1168 744 1312 795 enim
1339 738 1486 795 causa
1513 742 1808 806 meritoria,
1832 759 1926 793 no·

454 819 561 874 strae
572 817 1026 872 condemnationis
1040 856 1054 882 ,
1072 836 1177 870 non
1190 816 1513 882 immediate,
1537 832 1625 869 aut
1636 817 1826 868 merito
1837 834 1927 869 an-

449 895 718 949 recedente
741 896 1131 965 corruptionem
1145 893 1548 958 haereditariam,
1563 890 1644 945 sed
1663 890 1928 944 mediante

451 970 542 1023 illa
558 973 891 1042 corruptione
908 987 1063 1043 quam
1076 967 1341 1023 nobiscum
1359 969 1781 1021 communicauit.
1823 984 1932 1018 me-

455 1049 558 1100 ruit
583 1049 725 1099 enim
746 1045 895 1098 nobis
915 1044 1438 1110 condemnationem,
1471 1045 1594 1113 quia
1618 1044 1810 1095 meruit
1836 1041 1929 1094 fibi

453 1123 954 1183 condemnationem
969 1160 985 1186 ,
1013 1125 1061 1174 &
1082 1117 1227 1173 suum
1240 1123 1486 1172 meritum
1499 1115 1581 1171 seu
1596 1130 1861 1191 peccatum
1874 1119 1929 1171 in

455 1216 550 1251 nos
574 1200 882 1271 propagauit
907 1227 927 1263 ‚s
949 1213 1008 1248 ac
1029 1214 1116 1268 per
1138 1211 1406 1267 peccatum
1433 1192 1517 1248 seu
1542 1196 1787 1247 meritum
1807 1210 1929 1246 con-

455 1271 867 1326 demnationem.
910 1272 1133 1326 Constat
1147 1273 1288 1323 enim
1313 1290 1407 1323 nos
1430 1288 1611 1323 omnes
1631 1288 1694 1323 ex
1714 1267 1927 1324 Adamo
1951 1294 1955 1297 ·

456 1363 658 1402 reatum
691 1353 742 1402 δε
786 1347 1280 1401 condemnationem
1310 1345 1575 1399 mediante
1598 1347 1932 1416 corruptione

458 1423 777 1478 haereditaria
798 1424 860 1478 ab
878 1443 941 1476 eo
962 1426 1015 1475 in
1033 1441 1126 1475 nos
1147 1423 1434 1496 propagata
1447 1421 1663 1475 trahere.
1707 1420 1770 1472 Id
1789 1420 1932 1492 quod

457 1498 691 1553 fimiliter
712 1499 775 1553 de
799 1499 1010 1554 Christo
1035 1497 1135 1550 dici
1153 1516 1258 1550 non
1283 1499 1474 1570 potest,
1499 1516 1592 1550 nos
1617 1489 1932 1550 iustificatio-

458 1593 579 1629 nem
596 1575 660 1628 ab
685 1593 747 1627 eo
763 1615 778 1639 ,
801 1574 1064 1629 mediante
1089 1573 1370 1626 inhaerente
1396 1575 1586 1627 iustitia
1611 1576 1665 1625 in
1697 1589 1792 1624 nos
1814 1588 1932 1644 proa

461 1666 647 1723 pagata
664 1690 680 1715 2
700 1651 902 1704 trahere
926 1669 935 1700 :
972 1668 1078 1702 non
1109 1651 1252 1699 enim
1271 1689 1286 1715 ,
1306 1663 1361 1701 vt
1383 1651 1647 1719 corruptio
1670 1648 1936 1700 haeredita-

459 1729 532 1777 ria
558 1726 671 1779 vere
699 1740 963 1796 peccatum
988 1724 1055 1777 est
1075 1723 1224 1779 nobis
1239 1722 1647 1775 condemnandis
1663 1717 1936 1791 sufficienS,

459 1799 525 1855 stc
561 1795 747 1856 iustitia
782 1800 930 1854 nobis
966 1801 1215 1853 inhaerens
1245 1813 1471 1852 meretur
1505 1800 1668 1852 vitam
1693 1814 1936 1852 aeternam

461 1891 549 1930 aut
579 1876 644 1930 ad
673 1895 769 1929 nos
795 1872 1140 1930 iustificandos
1163 1873 1360 1929 sufficit.
1401 1879 1517 1929 Hoc
1549 1872 1823 1928 discrimen
1847 1878 1936 1945 qui

459 1971 557 2005 nos
571 1968 876 2024 oppugnant
893 1993 910 2018 ‚
945 1949 980 2004 fi
996 1949 1283 2024 agnoscunt
1299 1990 1314 2016 ,
1334 1950 1512 2003 vident
1533 1948 1619 2001 sua
1640 1945 1937 2004 huiusmodi

461 2043 768 2101 argumenta
789 2047 961 2091 ruere3
984 2026 1015 2080 fi
1032 2046 1136 2080 non
1154 2024 1438 2099 agnoscunt
1452 2066 1466 2092 ,
1490 2021 1754 2080 discedunt
1771 2043 1798 2076 a
1815 2021 1938 2078 fidei

463 2101 777 2157 confeffione
791 2144 807 2170 ,
829 2121 988 2175 quam
1013 2121 1039 2155 2
1053 2106 1101 2156 8.
1121 2102 1319 2176 Synodi
1337 2101 1466 2157 Nat.
1481 2097 1936 2155 confirmauerunt.

460 2182 716 2235 vtrumuis
735 2179 936 2252 eligunt
957 2187 980 2237 ἒ
1222 2184 1226 2188 ’

529 2255 670 2327 Qid
707 2252 1051 2328 superioribus
1097 2254 1414 2327 argumentis
1456 2268 1550 2324 pro
1583 2254 1936 2325 imputatione

460 2334 654 2404 peccati
676 2330 804 2384 Adae
821 2372 834 2398 ,
856 2328 1133 2403 praesertim
1163 2329 1465 2383 immediata
1483 2365 1498 2387 ,
1520 2325 1775 2388 debilius?
1804 2331 1936 2384 Lau.

463 2407 549 2461 dat
564 2419 737 2459 tamen
755 2424 814 2458 ea
833 2405 947 2459 suus
968 2409 1148 2460 au6tor
1161 2445 1179 2472 ‚
1195 2409 1275 2471 δὲ,
1299 2420 1355 2457 vt
1369 2402 1467 2457 fine
1483 2403 1713 2457 Lestoris
1729 2403 1936 2459 fastidio

459 2484 620 2553 repeti
643 2479 828 2552 poffint
846 2522 861 2546 3
878 2487 927 2534 in
949 2481 1081 2535 breue
1096 2481 1410 2555 compendium
1428 2480 1618 2552 redigit.
1659 2491 1938 2555 comparam-

457 2573 552 2631 (ω,
566 2559 755 2632 inquit>
770 2554 945 2627 causae,
960 2570 1282 2633 comparantur
1300 2553 1560 2612 causarum
1576 2552 1758 2612 effecta
1771 2595 1788 2626 ,
1807 2564 1936 2613 τύνη·-
