2018 2844
231 117 328 173 DE
379 138 492 171 *rm
515 114 1332 183 Evs‚siM111rVnt'N1'3VS.
1440 127 1553 187 275.

2 260 4 263 y
85 190 245 246 bean
277 188 418 253 Nam
441 192 474 245 fi
502 192 735 248 Adamus
769 197 1079 266 principium
1108 191 1208 254 fuit
1240 205 1428 244 naturae
1459 189 1565 242 hu·-r

87 284 249 320 manae
268 306 283 332 ,
307 268 426 320 inde
448 288 557 323 non
577 266 799 340 sequitur
819 271 926 322 eius
945 269 1272 324 voluntatem
1289 260 1434 318 fuisse
1454 283 1547 316 vo-

85 339 340 396 luntatem
362 358 582 410 naturae,
623 342 844 415 sequitur
871 344 1078 399 tantum
1106 344 1369 400 Adamum
1402 337 1550 393 fuisse

84 419 393 490 principium
409 420 692 474 voluntatis
710 436 899 474 naturae
913 421 1148 473 humanae
1162 460 1178 486 ,
1199 432 1286 470 aut
1305 414 1440 468 certe
1464 433 1552 467 na-

82 504 252 545 turam
268 494 543 548 humanam
560 515 666 549 non
686 496 870 549 habere
887 495 1319 553 voluntatem‚aut
1336 492 1399 543 ad
1417 487 1551 544 sum-
1571 497 1575 502 '

81 583 227 620 mum
253 571 572 624 voluntatem
593 570 787 626 Adami
813 568 959 624 fuisse
985 571 1295 641 principium
1315 565 1552 618 voluntaa

81 643 148 692 tis
164 659 369 698 naturae.
422 649 573 719 Piget
594 665 680 699 me
699 645 896 701 diutius
919 646 1187 699 immorari
1207 646 1264 696 in
1289 642 1384 694 isto
1406 638 1551 693 scho-

80 713 256 770 lastico
283 719 488 789 puluere
525 725 758 776 inanium
783 720 1155 785 subtilitatum,
1183 716 1366 790 quibus
1387 730 1444 768 tu
1464 733 1550 775 me

79 792 301 847 Thomae
317 795 470 866 opera
489 796 783 869 implicuisti
800 838 816 864 ,
837 814 994 870 quem
1010 795 1202 865 alioqui
1215 790 1428 847 flabellis
1441 791 1551 864 plu-

79 867 217 919 rium
243 872 502 926 rationum
526 868 722 944 poffem
737 876 790 925 in
812 871 930 926 suos
957 884 1158 924 autores
1175 865 1470 940 dispellere,
1494 871 1551 923 &

76 939 310 1013 diffipare
334 963 345 994 z
370 943 453 999 sed
473 943 592 1000 satis
612 945 710 1001 erit
728 948 829 1001 hoc
850 947 967 1000 loco
991 945 1115 998 duas
1139 944 1290 996 huius
1317 940 1552 995 similitu-

40 1028 42 1030 ·
78 1013 214 1068 dinis
234 1018 630 1076 claudicationes
655 1015 952 1076 obseruaffe.
1001 1018 1238 1077 Primum
1264 1019 1405 1071 enim
1427 1015 1548 1073 ideo

79 1094 219 1143 actus
241 1110 332 1163 per
349 1097 638 1153 membrum
665 1097 875 1169 aliquod
897 1099 1126 1169 corporis
1159 1096 1410 1148 exercitus
1441 1111 1551 1147 non

73 1163 228 1219 habet
245 1172 498 1226 rationem
512 1172 669 1245 culpae
688 1192 752 1226 ex
773 1172 1040 1226 voluntate
1057 1171 1196 1223 illius
1216 1166 1549 1233 membri,sed

72 1244 236 1295 totius
256 1244 482 1299 hominis
508 1288 525 1314 ,
558 1251 678 1320 quia
697 1248 934 1302 membro
963 1246 1040 1299 illi
1073 1245 1213 1300 nulla
1232 1244 1304 1298 est
1336 1247 1544 1316 proptia

72 1317 330 1374 voluntas,
369 1320 444 1375 At
457 1319 541 1377 sua
553 1325 735 1395 cuique
759 1323 960 1376 homini
982 1323 1186 1393 propria
1197 1319 1269 1374 est
1283 1318 1544 1373 voluntaS.

73 1389 261 1464 Itaque
284 1396 575 1451 membrum
596 1395 878 1470 separatum
891 1399 1020 1450 nihil
1037 1410 1211 1469 peccat
1229 1437 1246 1464 ,
1273 1393 1405 1447 nihil
1421 1398 1546 1468 agit.

81 1469 336 1522 Homines
351 1469 533 1544 finguli
551 1473 715 1526 multa
731 1478 783 1528 &
807 1487 966 1546 agunt
982 1514 998 1539 ,
1024 1477 1074 1526 &
1097 1485 1309 1543 peccant
1331 1467 1548 1542 separati

80 1541 145 1595 ab
169 1541 377 1598 Adamo
400 1586 415 1611 ,
446 1567 727 1621 eorumque
762 1552 990 1603 actiones
1026 1561 1229 1619 peccata
1254 1542 1368 1597 sunt
1397 1584 1414 1610 ,
1441 1562 1550 1598 non

79 1621 203 1687 quia
226 1619 563 1689 profiscuntur
589 1628 619 1678 a
639 1622 906 1677 voluntate
923 1622 1117 1678 Adami
1132 1662 1148 1688 ,
1172 1618 1260 1674 sed
1275 1623 1412 1691 quia,
1433 1638 1551 1690 pro-

82 1690 216 1746 fecta
241 1694 269 1747 a
291 1701 499 1768 propria
518 1696 756 1770 cuiusque
778 1697 1072 1761 voluntate,
1097 1711 1329 1769 pugnant
1348 1713 1464 1748 cum
1482 1696 1552 1748 le-

82 1784 152 1838 ge
171 1770 289 1822 Dei.
331 1773 540 1828 Deinde
569 1772 756 1828 discere
782 1773 940 1828 velim
958 1814 974 1840 ,
995 1791 1079 1825 cur
1102 1771 1208 1824 haec
1230 1774 1552 1843 comparatio

84 1842 259 1897 locum
279 1845 464 1900 habeat
490 1848 744 1902 duntaxat
762 1847 990 1920 respecPtu
1012 1849 1163 1919 primi
1190 1845 1326 1898 illius
1357 1848 1552 1917 peccati

85 1918 296 1971 actualis
313 1960 327 1985 ,
348 1940 454 1974 non
470 1938 643 1977 autem
660 1922 985 1995 sequentium
1011 1929 1033 1979 ἒ
1081 1920 1224 1974 defiit
1242 1939 1305 1974 ne
1326 1920 1472 1975 simul
1494 1939 1554 1976 ac

84 1997 318 2064 peccauit
337 1994 600 2065 AdamuS,
619 2001 725 2051 eius
749 1998 989 2054 voluntas
1011 1993 1108 2051 esse
1135 1996 1372 2052 voluntas
1404 2010 1554 2050 natu-

85 2085 152 2121 rae
171 2109 188 2134 ,
216 2085 305 2124 aut
327 2069 564 2127 Adamus
593 2067 692 2128 effe
719 2075 1034 2146 principium
1067 2086 1255 2125 naturae
1277 2072 1552 2131 humanae?

81 2143 326 2199 Effecerit
345 2150 503 2220 igitur
516 2150 606 2204 ista
621 2152 942 2220 comparatio
960 2188 975 2214 ,
990 2162 1067 2212 vt,
1079 2165 1189 2200 non
1208 2145 1379 2199 minus
1396 2148 1554 2217 quam

82 2221 312 2290 primum
327 2262 342 2287 ‚
366 2222 563 2294 reliqua
586 2223 781 2278 Adami
813 2239 1020 2297 peccata
1039 2221 1190 2274 nobis
1215 2225 1553 2293 imputentur,

85 2297 463 2351 contradicente
486 2297 743 2371 Apostolo
771 2302 928 2353 Rom.
956 2316 1002 2368 5.
1035 2296 1247 2352 Addam
1265 2301 1317 2351 δε
1340 2300 1553 2351 tertiam

85 2365 550 2445 claudimtionem,
588 2374 780 2428 idcirco
805 2378 1032 2428 actiones
1063 2372 1414 2427 membrorum
1444 2391 1554 2426 cor-

88 2448 229 2516 poris
248 2451 508 2504 rationem
527 2449 689 2523 culpa:
712 2450 903 2504 habent
918 2468 980 2502 ex
1000 2447 1268 2504 voluntate
1282 2452 1443 2502 totius
1459 2448 1554 2502 ho-

89 2522 246 2595 Qnis
261 2562 280 2601 ,²
299 2527 546 2602 quoniam
561 2524 791 2603 membra
808 2526 1036 2603 corporis
1048 2520 1163 2600 sunt
1175 2523 1457 2600 voluntatis
1476 2538 1556 2591 to-⁴
