2018 2844
200 123 483 182 DEARG.
519 129 548 179 ἐ
589 123 790 181 Novo
820 116 1297 180 ΤεςτΑΜὲέτο.
1412 131 1514 204 '353

48 205 167 262 hale
187 200 327 272 qued
346 203 589 256 omnibus
612 207 663 256 δε
697 201 901 273 singulis
925 199 1050 274 inest
1078 199 1193 254 vere
1221 241 1238 266 2
1269 204 1474 272 proprie
1495 244 1513 270 ‚

51 282 165 331 adiu
195 316 212 342 2
237 277 536 334 inhaerenter
558 319 574 345 ,
591 276 853 332 tam-certe
876 279 993 330 aaa
1012 275 1169 347 quam
1201 273 1300 329 fuit
1314 279 1370 328 in
1400 277 1512 351 ipso

49 350 279 408 Adamo.

147 426 323 481 Minus
350 432 509 482 etiam
531 428 677 499 capio
706 446 814 500 quae
837 425 1121 492 subnecti5‚
1148 445 1249 479 cum
1269 427 1514 483 (Adamus

40 509 268 577 peccauit,
277 521 363 577 pro
392 502 597 565 omnibus
609 503 710 575 sta}
734 504 915 579 pestere}
929 506 1150 577 peccauit.
1190 502 1245 553 Si
1267 502 1519 575 intelligis

47 596 171 630 eum
190 595 386 650 magno
412 582 646 632 omnium
668 581 991 650 posterorum
1010 576 1151 631 malo
1175 573 1421 647 peccaffe‚
1444 581 1522 629 ni-

49 650 128 705 hil
149 657 331 707 verius.
373 657 510 708 Hinc
536 658 675 707 enim
698 669 878 708 natum
908 655 981 709 est
1005 656 1192 708 vitium
1214 649 1344 704 illud
1378 651 1522 721 quod

50 742 216 798 genus
239 730 520 783 humanum
538 729 721 784 inu'afit
757 734 810 784 &
836 731 997 782 morti
1018 727 1253 782 addixit:
1281 722 1364 777 sed
1385 725 1419 778 fi
1444 728 1522 779 in-

51 801 246 874 telligis
266 823 386 858 eum
406 802 523 858 loco
544 806 717 859 nostro
740 801 1013 876 peccauisse
1030 844 1048 870 ,
1070 802 1202 855 nihil
1225 800 1325 852 dici
1349 804 1522 870 potuit

55 873 87 928 ὲ
108 891 157 929 te
179 877 348 932 minus
370 878 700 935 confiderate.
733 879 881 934 Nam
901 896 1066 950 neque
1088 878 1141 930 id
1164 879 1424 946 Scriptura
1447 875 1524 928 di«
1597 928 1603 936 ,

52 954 125 1004 cit
147 951 374 1024 vspiam‚
394 955 446 1008 &
469 955 615 1010 valde
632 952 909 1008 absurdum
920 955 1006 1008 est.
1039 949 1299 1006 Satisfecit
1313 950 1527 1021 quidem

52 1024 175 1080 loco
194 1029 366 1082 nostro
383 1030 821 1085 Christusiustitiae
835 1029 1038 1080 diuinae.
1055 1030 1263 1098 quippe,
1277 1043 1370 1077 nos
1382 1026 1525 1080 enim

2 1168 5 1170 -
54 1101 361 1156 tenebamur
394 1102 697 1159 satisfacere.
779 1101 1114 1159 Moriendum
1144 1115 1256 1153 erat
1287 1100 1529 1154 omnibus

53 1176 209 1231 nobis
221 1219 237 1245 ,
261 1177 367 1251 ipse
397 1195 624 1234 mortem
644 1179 762 1232 loco
800 1178 974 1232 nostro
1005 1177 1242 1249 gustauit.
1272 1174 1529 1229 puniendi

54 1268 258 1305 eramus
278 1272 457 1308 omnes
476 1295 491 1320 ‚
510 1253 615 1326 ipse
646 1257 886 1306 omnium
914 1251 1032 1304 loco
1049 1248 1211 1323 passus
1231 1249 1316 1302 est.
1378 1249 1529 1305 Num

54 1325 218 1397 igitur
244 1346 447 1399 peccare
474 1330 776 1382 tenebamur
804 1367 820 1393 ,
853 1342 910 1380 vt
939 1326 1113 1381 nostro
1146 1325 1265 1378 loco
1291 1322 1528 1378 Adamus

57 1410 328 1473 peccaret?
346 1404 478 1458 Mihi
496 1403 704 1475 quidem
727 1404 968 1457 hactenus
983 1399 1275 1453 inauditum
1296 1397 1397 1450 fuit
1418 1417 1530 1469 pec-

57 1493 172 1530 care
188 1478 415 1548 aliquem
430 1479 548 1533 loco
567 1478 771 1531 alterius
786 1493 1037 1548 tanquam
1047 1477 1154 1527 eius
1168 1473 1354 1528 vadem
1370 1470 1528 1544 poff'e.

55 1552 162 1607 Sed
184 1550 393 1608 fortasse
416 1555 592 1608 nostrae
611 1570 777 1626 partes
796 1567 942 1605 erant
961 1551 1127 1622 legem
1145 1590 1160 1615 ,
1179 1564 1301 1603 tunc
1319 1547 1530 1602 Adamo

55 1625 248 1692 latam,
268 1646 394 1681 tunc
414 1629 683 1682 obseruare
697 1645 878 1700 ,atque
898 1627 1030 1680 adei)
1050 1626 1252 1691 audire,
1266 1628 1531 1678 memoriae

57 1702 334 1769 mandare,
355 1704 642 1777 intelligere
661 1744 676 1769 ,
695 1707 897 1774 exequi.
938 1702 1171 1757 Adamus
1184 1716 1357 1754 autem
1369 1714 1532 1753 vtnos

60 1775 159 1830 hac
179 1779 410 1833 molestia
432 1781 621 1834 leuaret
647 1776 694 1832 se
716 1777 985 1833 suffecitin
1002 1776 1174 1829 locum
1198 1775 1425 1828 nostrum
1439 1776 1534 1844 qui

60 1851 295 1905 nostrum
331 1852 557 1907 officium
595 1854 836 1926 impleret
865 1892 881 1915 ‚
913 1853 1106 1906 nostras
1137 1866 1304 1920 partes
1338 1862 1532 1921 ageret.

62 1926 250 2000 Apage
273 1926 398 1980 tales
420 1932 782 2000 cogitationes,
820 1925 1067 1981 Profecit&
1085 1925 1275 1989 ‚filoco
1296 1927 1537 1976 omnium

65 2004 389 2076 posterorum
423 2002 655 2057 Adamus
686 2003 856 2076 legem
876 2001 1021 2054 illam
1044 1995 1351 2072 impleuisset
1382 2036 1398 2064 ³
1428 2002 1536 2050 eius

66 2079 255 2149 posteri
273 2079 337 2131 ad
358 2079 576 2132 eandem
596 2080 766 2151 legem
784 2077 1102 2149 implendam
1130 2073 1219 2146 ipfi
1242 2078 1293 2125 in
1318 2074 1539 2145 proprijs

67 2149 169 2206 suis
187 2151 414 2224 personis
427 2173 534 2207 non
555 2152 762 2209 fuiss'ent
781 2153 1003 2225 amplius
1029 2152 1276 2222 obligati,
1292 2147 1540 2219 quemad-

72 2229 292 2281 modum
317 2230 568 2301 quialoco
588 2231 760 2283 nostro
787 2229 1021 2284 Christus
1047 2226 1245 2278 iustitiae
1265 2225 1449 2276 diuina:
1471 2219 1544 2274 sa-

71 2301 268 2357 tisfecit
291 2345 307 2370 ‚
338 2324 444 2358 non
468 2321 705 2359 tenemur
726 2302 945 2377 amplius
963 2305 1010 2355 ei
1042 2299 1341 2354 satisfacere.
1382 2296 1542 2354 Certe

6 2391 9 2396 ·
77 2380 522 2449 quemadmodum
542 2397 666 2434 tunc
693 2382 940 2453 temporis
967 2378 1105 2431 nulla
1128 2391 1236 2429 erat
1261 2378 1316 2426 in
1339 2373 1541 2429 mundo

0 2456 12 2489 ’·
76 2450 297 2526 persona
318 2455 542 2510 bumana
563 2472 741 2530 praeter
762 2455 1026 2511 Adamum
1045 2456 1097 2507 δε
1115 2454 1308 2509 Euam,
1323 2449 1389 2504 fic
1402 2446 1543 2500 nulia

79 2543 263 2604 praeter
279 2546 369 2604 eos
387 2533 517 2588 duos
532 2531 751 2608 persona
769 2532 995 2589 humana
1005 2543 1091 2584 aut
1108 2540 1308 2657 porgrat
1325 2565 1343 2594 ,
1360 2538 1449 2579 aut
1458 2522 1545 2592 de-¹

1067 2734 1094 2761 N
