2018 2844
224 125 308 180 Dn
354 120 526 178 Ακόῴ
567 124 597 176 ἐ
638 119 839 177 Novo
877 121 1354 180 Tnsff'iinififfiol
1450 131 1557 199 '313

84 197 180 254 effe
202 198 616 272 intelligendum.
659 201 757 251 Fac
770 212 946 251 tamen
958 199 1176 272 intelligi
1191 223 1209 265 3
1224 201 1426 272 negabo
1438 222 1559 276 pec-

80 289 252 327 catum
266 274 392 328 illud
406 271 656 329 introiisse
673 276 729 326 in
748 274 1000 329 mundum
1020 293 1110 348 per
1127 277 1559 351 imputationemq

79 346 168 402 sed
191 350 292 402 diti
316 347 570 405 introiisse
590 352 644 404 in
663 349 919 405 mundum
943 390 961 417 ‚
985 354 1108 422 quia
1128 347 1276 406 suum
1294 371 1555 416 venenum

76 425 286 497 reliquit
318 429 372 480 in
391 426 602 482 Adamo
619 466 635 492 ,
657 425 797 497 quod
811 425 911 480 fine
932 424 1189 481 eiusmodi
1202 431 1553 502 imputatione

77 499 249 572 serpfit
265 504 331 556 ab
353 500 562 557 Adamo
583 504 637 554 in
654 501 873 557 Set·hum
892 542 909 570 ‚
926 500 956 554 ὲ
976 501 1138 556 Setho
1159 505 1215 555 in
1228 504 1432 563 Enosch
1449 548 1466 574 ,
1485 511 1552 565 ab

76 575 178 629 hoc
208 580 264 630 in
290 583 556 634 Kenanem
581 618 598 644 ‚
628 581 681 633 ὃς
713 581 789 632 ita
819 576 1071 650 paulatim
1095 579 1124 633 a
1156 594 1297 650 patre
1328 584 1385 636 in
1416 584 1553 639 filios

73 653 306 707 manauit
332 695 349 721 ,
381 654 545 708 donec
565 653 630 707 ad
653 673 748 707 nos
769 656 1062 728 perueniret
1082 660 1460 731 propagatione
1494 664 1552 734 ὃς

70 727 507 801 multiplicatione
532 730 775 785 naturali.

124 805 351 859 Sustinui
366 810 621 879 impetum
636 821 805 875 tuum,
816 805 937 862 vide
947 823 1012 863 an
1023 803 1172 880 poffis
1186 823 1379 864 meum.
1409 811 1548 869 Hine

67 878 215 932 'enim
235 880 365 934 mihi
397 880 562 958 surgit
590 897 953 955 argumentum
988 897 1134 937 tuam
1167 903 1402 941 euertens
1437 888 1548 946 sen-

67 958 305 1009 tentiam.
350 960 514 1013 Dabis
529 959 661 1012 mihi
684 957 919 1031 profecit&
937 957 1131 1031 dogma
1147 959 1275 1013 illud
1291 962 1356 1016 de
1373 966 1547 1037 impu..

64 1033 267 1084 tatione
288 1038 484 1103 peccati
505 1035 715 1088 astualis
739 1033 934 1088 Adami
957 1038 1060 1086 toti
1082 1039 1257 1106 generi
1277 1037 1509 1095 humano
1524 1087 1541 1113 ,

64 1101 101 1156 fi
118 1124 294 1161 verum
317 1110 386 1162 est
402 1149 418 1174 ,
437 1109 473 1163 fi
493 1108 801 1163 credendum
829 1110 899 1164 est
912 1148 928 1174 ,
948 1110 1123 1163 doceri
1138 1110 1324 1164 alicubi
1339 1116 1394 1166 in
1407 1117 1544 1175 Scri-

63 1194 214 1250 ptura
232 1182 727 1239 absolutiffimafidei
742 1185 922 1238 nostrae
936 1184 1138 1237 norma.
1182 1185 1347 1239 Dabis
1359 1193 1545 1267 etiam,·

61 1254 215 1312 ficubi
229 1261 466 1326 docetur,
479 1261 653 1314 doceri
675 1262 728 1309 in
746 1261 846 1311 hoc
861 1258 1086 1319 loco,vbi
1104 1258 1387 1331 Apostolus
1403 1273 1543 1338 quic-

59 1335 185 1403 quid
206 1336 270 1389 ab
291 1334 503 1389 Adamo
524 1334 647 1388 mali
661 1336 716 1385 in
732 1334 1018 1388 humanum
1034 1351 1193 1406 genus
1207 1343 1441 1394 manauit
1452 1363 1542 1399 ex.

58 1411 217 1480 plicat
228 1410 480 1464 accurate.
524 1410 687 1464 Dabis
699 1409 909 1462 tandem
922 1427 1235 1482 quaecunque
1245 1413 1381 1466 mala
1394 1415 1542 1474 Ada.

58 1503 173 1539 mus
195 1503 312 1539 curn
334 1487 544 1557 posteris
565 1483 664 1538 suis
685 1488 1092 1538 communicauit
1106 1525 1123 1552 ,
1143 1505 1202 1538 ea
1224 1486 1288 1540 ab
1310 1487 1539 1562 Aposto-

55 1559 113 1613 lo
136 1564 371 1616 reuocari>
389 1562 456 1615 ad
475 1562 578 1615 haec
601 1562 706 1614 duo
723 1575 983 1635 ‚peccatum
1007 1563 1059 1613 &
1083 1577 1292 1615 mortem.
1348 1569 1544 1625 Videa..

57 1651 173 1687 mus
195 1654 321 1708 ergo
351 1638 616 1707 quodnam
634 1653 901 1707 peccatum
918 1635 1193 1709 intelligat.
1237 1641 1321 1692 Tu
1339 1645 1416 1695 vis
1436 1644 1549 1701 esse·

54 1727 324 1782 peccatum
337 1711 533 1765 aotuale
551 1710 743 1765 Adami
768 1713 1084 1783 imputatum
1105 1713 1346 1768 omnibus
1360 1716 1545 1774 homi*

54 1786 206 1839 nibus
229 1787 294 1840 ad
314 1787 438 1840 duas
455 1805 664 1860 poenas,
687 1789 1036 1858 priuationern
1051 1788 1249 1841 iustitiae
1264 1791 1536 1866 originalis

54 1857 140 1914 seu
165 1865 355 1914 vitium
375 1862 666 1934 originale,
681 1867 733 1915 ἃ
760 1876 1004 1916 mortem.
1061 1865 1178 1934 Ego
1199 1864 1318 1918 dico
1341 1867 1438 1923 effe
1458 1877 1538 1928 vi..

52 1939 191 1989 tium
207 1937 461 2009 originale
478 1937 564 1990 seu
583 1940 972 2006 corruptionem
983 1938 1359 1996 haereditariam
1374 1947 1429 2000 in
1439 1946 1536 2005 sin⁴

52 2012 187 2084 gulis
209 2013 505 2066 hominibus
527 2012 859 2066 inhaeoentem
883 2052 898 2079 ,
918 2031 1026 2065 non
1058 2028 1234 2068 autem
1263 2034 1541 2088 peccatum?

50 2090 250 2142 actuale
276 2087 468 2143 Adami
489 2088 697 2161 fingulis
720 2088 1020 2141 hominibus
1036 2090 1341 2151 immediate}
1364 2098 1537 2169 impu.

49 2175 238 2218 tatum.
279 2168 451 2219 Tuam
483 2160 796 2218 sententiam
820 2204 836 2230 ,
865 2183 990 2236 quas
1019 2166 1230 2221 attulisti
1254 2210 1270 2236 ,
1301 2175 1544 2229 rationes

49 2255 158 2293 non
194 2241 418 2313 probant
447 2260 457 2290 ε
484 2243 546 2309 ijs
581 2243 722 2293 enim
739 2281 756 2307 ,
789 2254 845 2293 vt
877 2240 1022 2295 vides
1047 2282 1063 2308 ,
1096 2240 1356 2314 respondi.
1410 2250 1530 2324 Ego

50 2329 220 2369 meam
243 2315 309 2369 fic
324 2317 507 2389 probo.
556 2319 611 2371 Si
630 2317 773 2388 quod
791 2331 1059 2389 peccatum
1078 2316 1360 2391 Apostolus
1375 2322 1537 2381 docet:>

52 2391 211 2443 Rom.
230 2409 280 2443 v.
312 2389 460 2446 fuiffe
484 2391 548 2445 ab
580 2391 791 2448 Adamo
812 2410 931 2445 cum
961 2394 1204 2447 omnibus
1225 2396 1542 2455 hominibus

48 2478 490 2522 communicatum
512 2510 527 2536 ,
548 2468 673 2523 illud
696 2466 933 2543 profecito
956 2470 1026 2524 est
1057 2510 1080 2536 ‚a
1103 2473 1242 2543 quod
1276 2490 1365 2544 per
1387 2476 1542 2530 Ada--

49 2556 197 2619 {nutri
218 2542 437 2622 qloqetin
453 2546 708 2622 mundun]
723 2541 1004 2624 introiisse,
1033 2550 1084 2603 δε
1108 2548 1539 2622 ρετίἀωοῑῑειηλ..

384 2656 387 2658 -
1111 2628 1159 2679 Χ
1193 2642 1227 2676 x
1291 2643 1319 2676 2
