2018 2844
232 106 331 164 Da
381 103 611 162 τιίῖείῗς
665 129 685 160 s
709 107 729 159 1'
752 106 787 160 n
807 128 824 160 1
845 103 872 160 ἶ.
892 102 1275 164 'ir'xissi'fii'zv
1295 131 1332 164 s.
1434 110 1563 188 ῖ7ᾇ

84 187 211 238 hum
244 207 261 248 3
303 185 460 256 igitur
481 181 577 237 fuit
603 181 842 236 voluntas
863 180 1172 236 vniuersalis.
1244 184 1410 257 Atqui
1431 206 1557 245 con·

85 259 180 312 stat
197 276 304 312 tam
326 258 631 332 lingularem
657 255 801 312 fuisse
825 298 842 325 ‚
875 259 1032 328 quam
1057 257 1184 311 alius
1218 262 1455 313 cuiuiuis.
1505 283 1556 318 2.

81 335 138 388 Si
162 333 400 388 voluntas
423 334 616 388 Adami
639 329 737 385 fuit
756 373 771 399 ,
796 333 1022 404 exempli
1043 335 1188 387 causa
1205 374 1221 400 ,
1242 354 1356 389 mea
1375 336 1558 393 volun.

82 423 159 461 tas
176 450 192 476 ,
227 413 385 482 igitur
404 414 560 463 etiam
577 411 685 460 eius
707 411 879 461 anima
901 404 1000 461 fuit
1022 426 1136 461 mea
1158 413 1359 478 anima,
1381 415 1430 466 δι
1448 416 1556 468 eius

81 501 264 555 corpus
285 485 385 539 fuit
408 503 583 554 meum
604 501 786 555 corpus
811 523 828 549 ,
860 486 912 536 &
939 486 1046 536 eius
1073 502 1131 535 os
1159 481 1257 537 fuit
1278 505 1454 540 meum
1474 499 1560 559 0⁵5

81 563 136 612 δέ
152 563 258 611 eius
276 580 406 614 vxor
423 559 525 614 fuit
542 577 654 612 mea
675 577 805 613 vxor
827 561 926 611 &c.
992 577 1034 629 3.
1079 561 1132 612 Si
1150 559 1386 614 voluntas
1408 562 1554 618 Ada-

79 637 153 687 mi
171 632 271 688 fuit
294 655 405 689 mea
426 634 662 689 voluntas
689 674 704 699 2
725 635 881 706 igitur
909 632 1031 686 duas
1053 632 1220 686 habeo
1240 636 1552 707 voluntates,

78 727 234 763 vnam
248 711 447 782 aliquot
460 709 688 764 millibus
702 726 958 762 annorum
976 724 1249 780 antequam
1265 708 1418 766 essem
1444 733 1461 777 3
1479 716 1553 769 al-

75 776 487 839 teram'creatam
507 803 670 856 nuper
685 824 700 849 ‚
725 786 868 836 annis
885 783 1071 837 abhinc
1085 782 1191 837 fere
1206 789 1550 861 quinquagin-

73 873 158 926 ta,
176 860 393 916 alteram
415 861 478 914 ab
501 860 661 913 altera
682 859 882 913 realiter
897 899 913 924 ,
933 859 1100 913 immo
1119 859 1380 930 localiter,
1413 866 1548 921 diui-

74 931 182 988 sam
206 941 255 991 &
282 934 563 1009 separatam
585 976 602 1002 ‚
630 954 783 989 vnam
806 953 1135 991 communem
1151 975 1168 1001 ,
1193 934 1408 992 alteram
1429 959 1550 1012 pro-

70 1013 254 1080 priam.
299 1013 465 1065 Porro
486 1010 521 1063 fi
553 1011 675 1065 duas
695 1010 988 1064 voluntates
1009 1011 1175 1064 habeo
1189 1051 1206 1077 ,
1241 1015 1400 1068 etiam
1423 1019 1548 1074 duas

70 1088 290 1152 animas³
313 1087 415 1140 duo
428 1104 661 1158 corpora.
705 1086 885 1157 Itaque
897 1089 984 1157 qui
1006 1104 1088 1140 me
1102 1105 1259 1141 vnum
1272 1089 1547 1149 hominem

73 1157 172 1212 effe
196 1162 441 1232 putabam
462 1202 476 1226 ‚
508 1161 636 1214 euafi
659 1164 714 1211 in
737 1160 1067 1227 du05,vnum
1089 1180 1454 1233 communem,
1475 1170 1546 1224 al-

68 1247 235 1289 terum
268 1240 533 1309 proprium
562 1261 576 1295 ς
613 1236 764 1289 illurn
784 1236 983 1308 pridem
1009 1235 1118 1289 fato
1158 1234 1249 1290 suo
1273 1237 1505 1297 functum
1527 1286 1544 1312 ‚

66 1308 200 1363 hunc
217 1312 379 1365 adhuc
400 1315 681 1365 viuentem.
724 1310 856 1363 Noli
875 1309 1151 1384 confugere
1168 1313 1232 1365 ad
1245 1310 1428 1387 figuras
1447 1316 1544 1374 ser-

67 1390 258 1438 monis.
299 1391 393 1442 Vis
408 1390 549 1440 enim
572 1386 722 1439 nobis
747 1388 987 1439 omnibus
1008 1387 1125 1442 vere
1150 1392 1198 1442 δι
1222 1392 1425 1462 proprie
1447 1397 1545 1450 im.

64 1463 234 1530 putari
255 1478 524 1532 peccatum
557 1460 748 1515 Adami
768 1501 783 1524 ,
826 1479 883 1513 ac
908 1462 1128 1532 proinde
1155 1482 1250 1515 nos
1272 1465 1401 1519 illud
1427 1472 1544 1526 vere:

69 1538 123 1587 δέ
152 1537 356 1609 proprie
381 1533 696 1589 commififfe.
736 1534 866 1588 Non
885 1537 1234 1590 commifimus
1255 1556 1428 1596 autem
1457 1564 1543 1598 ve-

64 1608 118 1662 re
140 1615 189 1664 δέ
208 1611 525 1682 ρτωρτῐέ,ῃίίὶ
542 1611 780 1667 voluntas
803 1610 996 1664 Adami
1013 1631 1110 1682 qua
1125 1614 1450 1671 commissum
1468 1623 1542 1680 est

61 1686 255 1739 vere&
280 1686 483 1758 proprie
507 1687 674 1741 nostra
696 1683 856 1740 fuerit
876 1685 1129 1739 voluntas.
1194 1708 1250 1757 4.
1285 1693 1541 1750 Sivolun-

60 1772 138 1812 tas
171 1761 363 1816 Adami
388 1759 488 1814 fuit
510 1760 748 1816 voluntas
772 1764 1007 1815 omnium
1032 1762 1307 1819 hominum
1332 1807 1347 1833 ,
1376 1771 1538 1840 igitur

61 1839 202 1889 astus
231 1835 512 1890 voluntatis
531 1837 724 1892 Adami
738 1835 946 1891 fuerunt
961 1841 1100 1891 aetus
1113 1844 1349 1894 omnium
1367 1843 1539 1900 homi-

59 1927 189 1962 num
217 1930 227 1961 :
257 1909 395 1964 idem
429 1911 700 1965 dicendum
738 1913 801 1963 de
831 1913 1022 1975 actibus
1054 1918 1258 1967 mentis.
1321 1921 1480 1992 Qod
1500 1922 1537 1977 fi

61 1989 202 2039 acius
232 1984 513 2038 voluntatis
545 1989 651 2040 eius
692 1987 850 2038 eliciti
885 1985 1089 2040 fuerunt
1119 1992 1258 2042 aecus
1294 1997 1537 2053 omnium

59 2060 341 2115 hominum
360 2102 375 2128 ‚
409 2065 567 2115 etiam
588 2061 925 2134 proculdubio
948 2067 1086 2117 acius
1107 2067 1213 2118 eius
1250 2066 1535 2125 voluntatis

56 2135 316 2208 imperati.
359 2138 499 2192 Cum
523 2137 826 2210 loquebatur
840 2179 856 2204 ,
877 2137 1220 2210 loquebantur
1241 2161 1419 2196 omnes
1440 2147 1535 2200 ho-

57 2215 222 2265 min-es
248 2237 265 2279 3
300 2232 418 2267 cum
450 2212 744 2267 ambulabat
777 2253 794 2280 ‚
822 2215 1154 2268 ambulabant
1178 2235 1355 2272 omnes
1377 2239 1532 2285 geum

56 2284 241 2341 edebat
264 2287 480 2342 edebant
517 2307 697 2344 omnes
723 2302 740 2352 3
776 2307 892 2343 cum
922 2290 1167 2363 gignebat
1199 2331 1216 2356 ,
1246 2296 1531 2368 gignebant:

58 2376 255 2416 omnes.
298 2366 528 2419 Hoccine
552 2365 649 2418 tibi
672 2365 913 2438 probatur
942 2378 962 2423 e
995 2365 1084 2419 nisi
1119 2364 1323 2422 fortaffe
1337 2375 1411 2423 vis
1427 2371 1529 2428 hoc

37 2435 39 2438 ⁴
59 2436 384 2511 priuilegium
403 2437 628 2494 habuiffe
643 2440 964 2494 voluntatem
981 2439 1172 2496 Adami
1194 2460 1249 2496 Vt
1266 2447 1431 2500 nostra
1451 2447 1527 2502 es-

60 2503 135 2564 set
159 2511 391 2568 voluntas
413 2555 429 2582 ,
454 2533 550 2586 pro
575 2535 641 2571 eo
668 2515 921 2572 Aunravat
959 2530 1231 2575 momento
1268 2539 1380 2592 quo>
1410 2541 1525 2597 pec:

1169 2598 1316 2672 Qq
