<?xml version="1.0" encoding="UTF-8"?>
<!DOCTYPE html PUBLIC "-//W3C//DTD XHTML 1.0 Transitional//EN"
    "http://www.w3.org/TR/xhtml1/DTD/xhtml1-transitional.dtd">
<html xmlns="http://www.w3.org/1999/xhtml" xml:lang="en" lang="en">
 <head>
  <title>
</title>
<meta http-equiv="Content-Type" content="text/html;charset=utf-8" />
  <meta name='ocr-system' content='tesseract 3.04.00' />
  <meta name='ocr-capabilities' content='ocr_page ocr_carea ocr_par ocr_line ocrx_word'/>
</head>
<body>
  <div class='ocr_page' id='page_1' title='image "./deimputationepri00lapl/deimputationepri00lapl_0296.png"; bbox 0 0 2018 2844; ppageno 0'>
   <div class='ocr_carea' id='block_1_1' title="bbox 479 99 2014 2518">
    <p class='ocr_par' dir='ltr' id='par_1_1' title="bbox 500 99 1694 167">
     <span class='ocr_line' id='line_1_1' title="bbox 500 99 1694 167; baseline -0.012 -2"><span class='ocrx_word' id='word_1_1' title='bbox 500 111 615 166; x_wconf 79' lang='lat'>286</span> <span class='ocrx_word' id='word_1_2' title='bbox 844 109 1012 167; x_wconf 69' lang='lat' dir='ltr'><strong>MAN·</strong></span> <span class='ocrx_word' id='word_1_3' title='bbox 1071 107 1263 161; x_wconf 67' lang='lat' dir='ltr'><strong>POST·</strong></span> <span class='ocrx_word' id='word_1_4' title='bbox 1324 103 1486 158; x_wconf 53' lang='lat' dir='ltr'>Cap,</span> <span class='ocrx_word' id='word_1_5' title='bbox 1544 99 1694 159; x_wconf 83' lang='lat' dir='ltr'>V1I.</span> 
     </span>
    </p>

    <p class='ocr_par' dir='ltr' id='par_1_2' title="bbox 496 177 2009 410">
     <span class='ocr_line' id='line_1_2' title="bbox 496 177 1975 258; baseline -0.004 -18"><span class='ocrx_word' id='word_1_6' title='bbox 496 190 602 240; x_wconf 85' lang='lat' dir='ltr'>toti</span> <span class='ocrx_word' id='word_1_7' title='bbox 623 189 829 258; x_wconf 81' lang='lat' dir='ltr'>corpori</span> <span class='ocrx_word' id='word_1_8' title='bbox 852 182 1081 238; x_wconf 83' lang='lat' dir='ltr'>membra</span> <span class='ocrx_word' id='word_1_9' title='bbox 1104 177 1295 252; x_wconf 77' lang='lat' dir='ltr'>lingula</span> <span class='ocrx_word' id='word_1_10' title='bbox 1314 180 1629 231; x_wconf 78' lang='lat' dir='ltr'>conueniunt</span> <span class='ocrx_word' id='word_1_11' title='bbox 1644 217 1662 244; x_wconf 66' lang='lat'>2</span> <span class='ocrx_word' id='word_1_12' title='bbox 1679 193 1789 234; x_wconf 83' lang='lat' dir='ltr'>tam</span> <span class='ocrx_word' id='word_1_13' title='bbox 1813 182 1975 234; x_wconf 82' lang='lat' dir='ltr'>etiam</span> 
     </span>
     <span class='ocr_line' id='line_1_3' title="bbox 496 256 2009 334; baseline -0.009 -17"><span class='ocrx_word' id='word_1_14' title='bbox 496 260 813 334; x_wconf 83' lang='lat' dir='ltr'>fingulorum</span> <span class='ocrx_word' id='word_1_15' title='bbox 837 258 1192 313; x_wconf 82' lang='lat' dir='ltr'>membrorum</span> <span class='ocrx_word' id='word_1_16' title='bbox 1212 256 1461 307; x_wconf 76' lang='lat' dir='ltr'>attributa</span> <span class='ocrx_word' id='word_1_17' title='bbox 1489 258 1805 308; x_wconf 84' lang='lat' dir='ltr'>conueniunt</span> <span class='ocrx_word' id='word_1_18' title='bbox 1835 260 1967 309; x_wconf 84' lang='lat' dir='ltr'>toti:</span> <span class='ocrx_word' id='word_1_19' title='bbox 2007 301 2009 303; x_wconf 74' lang='grc'><strong>,</strong></span> 
     </span>
     <span class='ocr_line' id='line_1_4' title="bbox 496 327 1968 410; baseline -0.005 -20"><span class='ocrx_word' id='word_1_20' title='bbox 496 353 682 410; x_wconf 88' lang='lat' dir='ltr'>corpus</span> <span class='ocrx_word' id='word_1_21' title='bbox 702 340 844 389; x_wconf 91' lang='lat' dir='ltr'>enim</span> <span class='ocrx_word' id='word_1_22' title='bbox 879 352 985 387; x_wconf 89' lang='lat' dir='ltr'>non</span> <span class='ocrx_word' id='word_1_23' title='bbox 1009 332 1078 386; x_wconf 88' lang='lat' dir='ltr'>est</span> <span class='ocrx_word' id='word_1_24' title='bbox 1099 349 1256 384; x_wconf 81' lang='lat' dir='ltr'>vnum</span> <span class='ocrx_word' id='word_1_25' title='bbox 1289 329 1581 382; x_wconf 81' lang='lat' dir='ltr'>membrum</span> <span class='ocrx_word' id='word_1_26' title='bbox 1615 369 1631 395; x_wconf 82' lang='lat'><strong>,</strong></span> <span class='ocrx_word' id='word_1_27' title='bbox 1663 327 1747 383; x_wconf 75' lang='lat' dir='ltr'>{ed</span> <span class='ocrx_word' id='word_1_28' title='bbox 1775 332 1968 385; x_wconf 83' lang='lat' dir='ltr'>multa:</span> 
     </span>
    </p>

    <p class='ocr_par' dir='ltr' id='par_1_3' title="bbox 494 402 2003 559">
     <span class='ocr_line' id='line_1_5' title="bbox 498 402 2003 485; baseline -0.003 -20"><span class='ocrx_word' id='word_1_29' title='bbox 498 429 595 465; x_wconf 89' lang='lat' dir='ltr'>nec</span> <span class='ocrx_word' id='word_1_30' title='bbox 610 411 644 465; x_wconf 89' lang='lat' dir='ltr'>fi</span> <span class='ocrx_word' id='word_1_31' title='bbox 657 430 742 485; x_wconf 89' lang='lat' dir='ltr'>pes</span> <span class='ocrx_word' id='word_1_32' title='bbox 765 425 919 483; x_wconf 81' lang='lat' dir='ltr'>caput</span> <span class='ocrx_word' id='word_1_33' title='bbox 939 427 1044 461; x_wconf 88' lang='lat' dir='ltr'>non</span> <span class='ocrx_word' id='word_1_34' title='bbox 1066 402 1560 476; x_wconf 58' lang='lat' dir='ltr'>est2consequens&#39;est</span> <span class='ocrx_word' id='word_1_35' title='bbox 1578 404 1763 475; x_wconf 86' lang='lat' dir='ltr'>pedem</span> <span class='ocrx_word' id='word_1_36' title='bbox 1778 425 1885 460; x_wconf 89' lang='lat' dir='ltr'>non</span> <span class='ocrx_word' id='word_1_37' title='bbox 1898 405 1977 462; x_wconf 88' lang='lat' dir='ltr'>es-·</span> <span class='ocrx_word' id='word_1_38' title='bbox 2001 414 2003 417; x_wconf 80' lang='grc'>’</span> 
     </span>
     <span class='ocr_line' id='line_1_6' title="bbox 494 482 1970 559; baseline -0.003 -20"><span class='ocrx_word' id='word_1_39' title='bbox 494 484 547 539; x_wconf 87' lang='lat' dir='ltr'>se</span> <span class='ocrx_word' id='word_1_40' title='bbox 570 506 634 541; x_wconf 79' lang='lat' dir='ltr'>ex</span> <span class='ocrx_word' id='word_1_41' title='bbox 657 504 890 559; x_wconf 87' lang='lat' dir='ltr'>corpore.</span> <span class='ocrx_word' id='word_1_42' title='bbox 942 485 1237 554; x_wconf 71' lang='lat' dir='ltr'>imputatur</span> <span class='ocrx_word' id='word_1_43' title='bbox 1276 495 1450 534; x_wconf 84' lang='lat' dir='ltr'>autem</span> <span class='ocrx_word' id='word_1_44' title='bbox 1488 482 1589 532; x_wconf 84' lang='lat' dir='ltr'>toti</span> <span class='ocrx_word' id='word_1_45' title='bbox 1625 484 1830 553; x_wconf 85' lang='lat' dir='ltr'>corpori</span> <span class='ocrx_word' id='word_1_46' title='bbox 1863 501 1970 539; x_wconf 90' lang='lat' dir='ltr'>non</span> 
     </span>
    </p>

    <p class='ocr_par' dir='ltr' id='par_1_4' title="bbox 493 553 1968 633">
     <span class='ocr_line' id='line_1_7' title="bbox 493 553 1968 633; baseline -0.002 -18"><span class='ocrx_word' id='word_1_47' title='bbox 493 563 660 616; x_wconf 80' lang='lat' dir='ltr'>modo</span> <span class='ocrx_word' id='word_1_48' title='bbox 686 562 827 633; x_wconf 89' lang='lat' dir='ltr'>quod</span> <span class='ocrx_word' id='word_1_49' title='bbox 843 576 996 631; x_wconf 84' lang='lat' dir='ltr'>caput</span> <span class='ocrx_word' id='word_1_50' title='bbox 1017 557 1140 612; x_wconf 80' lang='lat' dir='ltr'>facit</span> <span class='ocrx_word' id='word_1_51' title='bbox 1163 597 1179 623; x_wconf 65' lang='lat'>2</span> <span class='ocrx_word' id='word_1_52' title='bbox 1200 553 1283 609; x_wconf 86' lang='lat' dir='ltr'>sed</span> <span class='ocrx_word' id='word_1_53' title='bbox 1300 560 1457 609; x_wconf 82' lang='lat' dir='ltr'>etiam</span> <span class='ocrx_word' id='word_1_54' title='bbox 1479 555 1617 627; x_wconf 81' lang='lat' dir='ltr'>quod</span> <span class='ocrx_word' id='word_1_55' title='bbox 1641 574 1742 628; x_wconf 85' lang='lat' dir='ltr'>pes.</span> <span class='ocrx_word' id='word_1_56' title='bbox 1785 558 1968 630; x_wconf 82' lang='lat' dir='ltr'>Itaque</span> 
     </span>
    </p>

    <p class='ocr_par' dir='ltr' id='par_1_5' title="bbox 491 631 1970 710">
     <span class='ocr_line' id='line_1_8' title="bbox 491 631 1970 710; baseline -0.002 -19"><span class='ocrx_word' id='word_1_57' title='bbox 491 636 614 691; x_wconf 72' lang='lat' dir='ltr'>cum</span> <span class='ocrx_word' id='word_1_58' title='bbox 636 636 886 710; x_wconf 87' lang='lat' dir='ltr'>populum</span> <span class='ocrx_word' id='word_1_59' title='bbox 907 633 1052 687; x_wconf 84' lang='lat' dir='ltr'>suum</span> <span class='ocrx_word' id='word_1_60' title='bbox 1072 636 1212 687; x_wconf 90' lang='lat' dir='ltr'>Deus</span> <span class='ocrx_word' id='word_1_61' title='bbox 1236 631 1575 685; x_wconf 74' lang='lat' dir='ltr'>consideraret</span> <span class='ocrx_word' id='word_1_62' title='bbox 1596 647 1652 684; x_wconf 88' lang='lat' dir='ltr'>vt</span> <span class='ocrx_word' id='word_1_63' title='bbox 1675 651 1832 686; x_wconf 81' lang='lat' dir='ltr'>vnum</span> <span class='ocrx_word' id='word_1_64' title='bbox 1858 652 1970 688; x_wconf 85' lang='lat' dir='ltr'>cor-</span> 
     </span>
    </p>

    <p class='ocr_par' dir='ltr' id='par_1_6' title="bbox 492 706 1971 784">
     <span class='ocr_line' id='line_1_9' title="bbox 492 706 1971 784; baseline -0.003 -17"><span class='ocrx_word' id='word_1_65' title='bbox 492 730 587 784; x_wconf 88' lang='lat' dir='ltr'>pus</span> <span class='ocrx_word' id='word_1_66' title='bbox 609 716 664 766; x_wconf 85' lang='lat' dir='ltr'>in</span> <span class='ocrx_word' id='word_1_67' title='bbox 690 710 890 765; x_wconf 87' lang='lat' dir='ltr'>deserto</span> <span class='ocrx_word' id='word_1_68' title='bbox 907 750 920 776; x_wconf 81' lang='lat'>,</span> <span class='ocrx_word' id='word_1_69' title='bbox 937 713 1039 763; x_wconf 89' lang='lat' dir='ltr'>toti</span> <span class='ocrx_word' id='word_1_70' title='bbox 1063 707 1257 781; x_wconf 85' lang='lat' dir='ltr'>populo</span> <span class='ocrx_word' id='word_1_71' title='bbox 1280 707 1347 760; x_wconf 86' lang='lat' dir='ltr'>ob</span> <span class='ocrx_word' id='word_1_72' title='bbox 1368 711 1513 762; x_wconf 81' lang='lat' dir='ltr'>Vnius</span> <span class='ocrx_word' id='word_1_73' title='bbox 1533 706 1716 761; x_wconf 83' lang='lat' dir='ltr'>Achan</span> <span class='ocrx_word' id='word_1_74' title='bbox 1732 749 1748 774; x_wconf 65' lang='lat'>2</span> <span class='ocrx_word' id='word_1_75' title='bbox 1769 712 1856 780; x_wconf 87' lang='lat' dir='ltr'>qui</span> <span class='ocrx_word' id='word_1_76' title='bbox 1880 727 1971 781; x_wconf 91' lang='lat' dir='ltr'>po-</span> 
     </span>
    </p>

    <p class='ocr_par' dir='ltr' id='par_1_7' title="bbox 489 784 1969 859">
     <span class='ocr_line' id='line_1_10' title="bbox 489 784 1969 859; baseline -0.001 -19"><span class='ocrx_word' id='word_1_77' title='bbox 489 787 601 859; x_wconf 90' lang='lat' dir='ltr'>puli</span> <span class='ocrx_word' id='word_1_78' title='bbox 621 788 759 842; x_wconf 87' lang='lat' dir='ltr'>illius</span> <span class='ocrx_word' id='word_1_79' title='bbox 783 801 934 858; x_wconf 74' lang='lat' dir='ltr'>caput</span> <span class='ocrx_word' id='word_1_80' title='bbox 955 803 1065 837; x_wconf 87' lang='lat' dir='ltr'>non</span> <span class='ocrx_word' id='word_1_81' title='bbox 1088 799 1197 837; x_wconf 82' lang='lat' dir='ltr'>erat</span> <span class='ocrx_word' id='word_1_82' title='bbox 1218 824 1234 850; x_wconf 85' lang='grc'>,</span> <span class='ocrx_word' id='word_1_83' title='bbox 1259 784 1418 836; x_wconf 86' lang='lat' dir='ltr'>iratus</span> <span class='ocrx_word' id='word_1_84' title='bbox 1437 785 1521 838; x_wconf 87' lang='lat' dir='ltr'>est.</span> <span class='ocrx_word' id='word_1_85' title='bbox 1576 786 1768 857; x_wconf 86' lang='lat' dir='ltr'>Siergo</span> <span class='ocrx_word' id='word_1_86' title='bbox 1789 802 1969 839; x_wconf 86' lang='lat' dir='ltr'>omnes</span> 
     </span>
    </p>

    <p class='ocr_par' dir='ltr' id='par_1_8' title="bbox 489 856 2003 1007">
     <span class='ocr_line' id='line_1_11' title="bbox 490 856 2003 932; baseline -0.001 -18"><span class='ocrx_word' id='word_1_87' title='bbox 490 863 732 917; x_wconf 86' lang='lat' dir='ltr'>homines</span> <span class='ocrx_word' id='word_1_88' title='bbox 762 859 1064 917; x_wconf 39' lang='lat' dir='ltr'>coalescunt*</span> <span class='ocrx_word' id='word_1_89' title='bbox 1095 878 1214 914; x_wconf 89' lang='lat' dir='ltr'>cum</span> <span class='ocrx_word' id='word_1_90' title='bbox 1251 857 1460 913; x_wconf 85' lang='lat' dir='ltr'>Adamo</span> <span class='ocrx_word' id='word_1_91' title='bbox 1484 861 1538 912; x_wconf 86' lang='lat' dir='ltr'>in</span> <span class='ocrx_word' id='word_1_92' title='bbox 1572 876 1734 913; x_wconf 85' lang='lat' dir='ltr'>vnum</span> <span class='ocrx_word' id='word_1_93' title='bbox 1755 877 1967 932; x_wconf 75' lang='lat' dir='ltr'>corpus,</span> <span class='ocrx_word' id='word_1_94' title='bbox 2000 856 2003 857; x_wconf 37' lang='lat'><em>⁷</em></span> 
     </span>
     <span class='ocr_line' id='line_1_12' title="bbox 489 929 1967 1007; baseline -0.001 -17"><span class='ocrx_word' id='word_1_95' title='bbox 489 956 599 994; x_wconf 89' lang='lat' dir='ltr'>non</span> <span class='ocrx_word' id='word_1_96' title='bbox 619 943 769 995; x_wconf 84' lang='lat' dir='ltr'>vuius</span> <span class='ocrx_word' id='word_1_97' title='bbox 795 937 990 994; x_wconf 78' lang='lat' dir='ltr'>Adami</span> <span class='ocrx_word' id='word_1_98' title='bbox 1009 954 1172 991; x_wconf 86' lang='lat' dir='ltr'>vnum</span> <span class='ocrx_word' id='word_1_99' title='bbox 1194 951 1461 1007; x_wconf 84' lang='lat' dir='ltr'>peccatum</span> <span class='ocrx_word' id='word_1_100' title='bbox 1481 973 1497 999; x_wconf 81' lang='grc'>,</span> <span class='ocrx_word' id='word_1_101' title='bbox 1519 929 1602 986; x_wconf 89' lang='lat' dir='ltr'>sed</span> <span class='ocrx_word' id='word_1_102' title='bbox 1623 938 1802 986; x_wconf 83' lang='lat' dir='ltr'>omnia</span> <span class='ocrx_word' id='word_1_103' title='bbox 1825 936 1967 989; x_wconf 83' lang='lat' dir='ltr'>Ada-</span> 
     </span>
    </p>

    <p class='ocr_par' dir='ltr' id='par_1_9' title="bbox 489 1012 1968 1083">
     <span class='ocr_line' id='line_1_13' title="bbox 489 1012 1968 1083; baseline -0.001 -18"><span class='ocrx_word' id='word_1_104' title='bbox 489 1017 564 1067; x_wconf 88' lang='lat' dir='ltr'>mi</span> <span class='ocrx_word' id='word_1_105' title='bbox 581 1055 597 1081; x_wconf 81' lang='grc'>,</span> <span class='ocrx_word' id='word_1_106' title='bbox 623 1018 802 1068; x_wconf 86' lang='lat' dir='ltr'>omnia</span> <span class='ocrx_word' id='word_1_107' title='bbox 839 1013 1061 1066; x_wconf 87' lang='lat' dir='ltr'>aliorum</span> <span class='ocrx_word' id='word_1_108' title='bbox 1095 1012 1368 1065; x_wconf 84' lang='lat' dir='ltr'>hominum</span> <span class='ocrx_word' id='word_1_109' title='bbox 1395 1023 1602 1081; x_wconf 83' lang='lat' dir='ltr'>peccata</span> <span class='ocrx_word' id='word_1_110' title='bbox 1629 1012 1730 1061; x_wconf 89' lang='lat' dir='ltr'>toti</span> <span class='ocrx_word' id='word_1_111' title='bbox 1759 1015 1968 1083; x_wconf 84' lang='lat' dir='ltr'>corpori</span> 
     </span>
    </p>

    <p class='ocr_par' dir='ltr' id='par_1_10' title="bbox 488 1083 1969 1162">
     <span class='ocr_line' id='line_1_14' title="bbox 488 1083 1969 1162; baseline 0.001 -23"><span class='ocrx_word' id='word_1_112' title='bbox 488 1088 797 1162; x_wconf 83' lang='lat' dir='ltr'>imputanda</span> <span class='ocrx_word' id='word_1_113' title='bbox 817 1087 947 1141; x_wconf 87' lang='lat' dir='ltr'>sunt.</span> <span class='ocrx_word' id='word_1_114' title='bbox 1007 1084 1168 1158; x_wconf 82' lang='lat' dir='ltr'>Qod</span> <span class='ocrx_word' id='word_1_115' title='bbox 1187 1099 1363 1137; x_wconf 82' lang='lat' dir='ltr'>tamen</span> <span class='ocrx_word' id='word_1_116' title='bbox 1386 1102 1478 1136; x_wconf 91' lang='lat' dir='ltr'>nec</span> <span class='ocrx_word' id='word_1_117' title='bbox 1509 1083 1788 1155; x_wconf 74' lang='lat' dir='ltr'>Apostolus</span> <span class='ocrx_word' id='word_1_118' title='bbox 1827 1126 1843 1151; x_wconf 78' lang='lat'>,</span> <span class='ocrx_word' id='word_1_119' title='bbox 1875 1105 1969 1141; x_wconf 88' lang='lat' dir='ltr'>nec</span> 
     </span>
    </p>

    <p class='ocr_par' dir='ltr' id='par_1_11' title="bbox 488 1160 1970 1234">
     <span class='ocr_line' id='line_1_15' title="bbox 488 1160 1970 1234; baseline 0 -19"><span class='ocrx_word' id='word_1_120' title='bbox 488 1177 546 1216; x_wconf 86' lang='lat' dir='ltr'>tu</span> <span class='ocrx_word' id='word_1_121' title='bbox 569 1162 853 1218; x_wconf 85' lang='lat' dir='ltr'>secundum</span> <span class='ocrx_word' id='word_1_122' title='bbox 875 1162 1187 1234; x_wconf 86' lang='lat' dir='ltr'>Apostolum</span> <span class='ocrx_word' id='word_1_123' title='bbox 1210 1160 1411 1232; x_wconf 88' lang='lat' dir='ltr'>probas.</span> <span class='ocrx_word' id='word_1_124' title='bbox 1467 1160 1668 1233; x_wconf 68' lang='lat' dir='ltr'>Qiarto</span> <span class='ocrx_word' id='word_1_125' title='bbox 1687 1202 1702 1227; x_wconf 85' lang='lat'><em>,</em></span> <span class='ocrx_word' id='word_1_126' title='bbox 1726 1162 1850 1232; x_wconf 90' lang='lat' dir='ltr'>quid</span> <span class='ocrx_word' id='word_1_127' title='bbox 1877 1163 1970 1215; x_wconf 88' lang='lat' dir='ltr'>ob-</span> 
     </span>
    </p>

    <p class='ocr_par' dir='ltr' id='par_1_12' title="bbox 487 1235 1993 1388">
     <span class='ocr_line' id='line_1_16' title="bbox 489 1235 1993 1312; baseline -0.001 -18"><span class='ocrx_word' id='word_1_128' title='bbox 489 1239 585 1294; x_wconf 88' lang='lat' dir='ltr'>stat</span> <span class='ocrx_word' id='word_1_129' title='bbox 607 1244 885 1312; x_wconf 85' lang='lat' dir='ltr'>quominus</span> <span class='ocrx_word' id='word_1_130' title='bbox 904 1240 1010 1293; x_wconf 77' lang='lat' dir='ltr'>haec</span> <span class='ocrx_word' id='word_1_131' title='bbox 1040 1235 1320 1289; x_wconf 75' lang='lat' dir='ltr'>similitudo</span> <span class='ocrx_word' id='word_1_132' title='bbox 1358 1236 1780 1289; x_wconf 82' lang='lat' dir='ltr'>accommodetur</span> <span class='ocrx_word' id='word_1_133' title='bbox 1807 1240 1965 1293; x_wconf 83' lang='lat' dir='ltr'>etiam</span> <span class='ocrx_word' id='word_1_134' title='bbox 1991 1287 1993 1292; x_wconf 94' lang='lat'><em>.</em></span> 
     </span>
     <span class='ocr_line' id='line_1_17' title="bbox 487 1308 1964 1388; baseline 0.001 -23"><span class='ocrx_word' id='word_1_135' title='bbox 487 1314 601 1367; x_wconf 86' lang='lat' dir='ltr'>aliis</span> <span class='ocrx_word' id='word_1_136' title='bbox 640 1315 872 1388; x_wconf 89' lang='lat' dir='ltr'>stirpibus</span> <span class='ocrx_word' id='word_1_137' title='bbox 920 1319 972 1368; x_wconf 71' lang='grc' dir='ltr'>ὅτ.</span> <span class='ocrx_word' id='word_1_138' title='bbox 1016 1310 1310 1383; x_wconf 75' lang='lat' dir='ltr'>parentibus</span> <span class='ocrx_word' id='word_1_139' title='bbox 1346 1308 1571 1381; x_wconf 63' lang='lat' dir='ltr'>respecku</span> <span class='ocrx_word' id='word_1_140' title='bbox 1608 1311 1964 1383; x_wconf 79' lang='lat' dir='ltr'>posterorum?</span> 
     </span>
    </p>

    <p class='ocr_par' dir='ltr' id='par_1_13' title="bbox 484 1385 1968 1463">
     <span class='ocr_line' id='line_1_18' title="bbox 484 1385 1968 1463; baseline -0.001 -19"><span class='ocrx_word' id='word_1_141' title='bbox 484 1390 731 1463; x_wconf 84' lang='lat' dir='ltr'>Exempli</span> <span class='ocrx_word' id='word_1_142' title='bbox 770 1387 947 1453; x_wconf 77' lang='lat' dir='ltr'>causa,</span> <span class='ocrx_word' id='word_1_143' title='bbox 980 1405 1070 1440; x_wconf 78' lang='lat' dir='ltr'>cur</span> <span class='ocrx_word' id='word_1_144' title='bbox 1090 1385 1339 1440; x_wconf 84' lang='lat' dir='ltr'>Noachus</span> <span class='ocrx_word' id='word_1_145' title='bbox 1361 1388 1520 1439; x_wconf 79' lang='lat' dir='ltr'>etiam</span> <span class='ocrx_word' id='word_1_146' title='bbox 1552 1405 1660 1438; x_wconf 85' lang='lat' dir='ltr'>non</span> <span class='ocrx_word' id='word_1_147' title='bbox 1683 1386 1968 1443; x_wconf 75' lang='lat' dir='ltr'>iitsecundi</span> 
     </span>
    </p>

    <p class='ocr_par' dir='ltr' id='par_1_14' title="bbox 486 1457 1965 1538">
     <span class='ocr_line' id='line_1_19' title="bbox 486 1457 1965 1538; baseline -0.001 -20"><span class='ocrx_word' id='word_1_148' title='bbox 486 1466 669 1519; x_wconf 90' lang='lat' dir='ltr'>mundi</span> <span class='ocrx_word' id='word_1_149' title='bbox 692 1481 844 1538; x_wconf 83' lang='lat' dir='ltr'>caput</span> <span class='ocrx_word' id='word_1_150' title='bbox 860 1506 873 1527; x_wconf 83' lang='lat'>‚</span> <span class='ocrx_word' id='word_1_151' title='bbox 902 1462 1228 1520; x_wconf 79' lang='lat' dir='ltr'>Abrahamus</span> <span class='ocrx_word' id='word_1_152' title='bbox 1251 1457 1617 1526; x_wconf 77' lang='lat' dir='ltr'>Isra&#39;e&#39;litarum,</span> <span class='ocrx_word' id='word_1_153' title='bbox 1643 1466 1693 1515; x_wconf 68' lang='grc' dir='ltr'>δέ</span> <span class='ocrx_word' id='word_1_154' title='bbox 1716 1464 1789 1514; x_wconf 84' lang='lat' dir='ltr'>ita</span> <span class='ocrx_word' id='word_1_155' title='bbox 1806 1462 1870 1515; x_wconf 88' lang='lat' dir='ltr'>de</span> <span class='ocrx_word' id='word_1_156' title='bbox 1887 1483 1965 1517; x_wconf 88' lang='lat' dir='ltr'>re-</span> 
     </span>
    </p>

    <p class='ocr_par' dir='ltr' id='par_1_15' title="bbox 483 1537 1969 1613">
     <span class='ocr_line' id='line_1_20' title="bbox 483 1537 1969 1613; baseline 0 -20"><span class='ocrx_word' id='word_1_157' title='bbox 483 1540 635 1613; x_wconf 86' lang='lat' dir='ltr'>liquis</span> <span class='ocrx_word' id='word_1_158' title='bbox 657 1565 674 1606; x_wconf 85' lang='lat'>·‚</span> <span class='ocrx_word' id='word_1_159' title='bbox 701 1542 834 1594; x_wconf 89' lang='lat' dir='ltr'>vnde</span> <span class='ocrx_word' id='word_1_160' title='bbox 860 1557 1048 1613; x_wconf 82' lang='lat' dir='ltr'>magna</span> <span class='ocrx_word' id='word_1_161' title='bbox 1071 1553 1283 1609; x_wconf 80' lang='lat' dir='ltr'>exurget</span> <span class='ocrx_word' id='word_1_162' title='bbox 1310 1537 1474 1589; x_wconf 86' lang='lat' dir='ltr'>moles</span> <span class='ocrx_word' id='word_1_163' title='bbox 1519 1554 1848 1608; x_wconf 86' lang='lat' dir='ltr'>peccatorum</span> <span class='ocrx_word' id='word_1_164' title='bbox 1872 1543 1969 1593; x_wconf 85' lang='lat' dir='ltr'>im-</span> 
     </span>
    </p>

    <p class='ocr_par' dir='ltr' id='par_1_16' title="bbox 482 1612 1967 1689">
     <span class='ocr_line' id='line_1_21' title="bbox 482 1612 1967 1689; baseline -0.001 -18"><span class='ocrx_word' id='word_1_165' title='bbox 482 1617 835 1688; x_wconf 82' lang='lat' dir='ltr'>putandorum</span> <span class='ocrx_word' id='word_1_166' title='bbox 863 1625 886 1676; x_wconf 69' lang='grc' dir='ltr'><strong>ἒ</strong></span> <span class='ocrx_word' id='word_1_167' title='bbox 924 1619 1101 1686; x_wconf 84' lang='lat' dir='ltr'>Caput</span> <span class='ocrx_word' id='word_1_168' title='bbox 1123 1616 1263 1667; x_wconf 89' lang='lat' dir='ltr'>enim</span> <span class='ocrx_word' id='word_1_169' title='bbox 1284 1612 1471 1665; x_wconf 84' lang='lat' dir='ltr'>dicitur</span> <span class='ocrx_word' id='word_1_170' title='bbox 1493 1612 1727 1667; x_wconf 74' lang='lat' dir='ltr'>Adamas</span> <span class='ocrx_word' id='word_1_171' title='bbox 1741 1654 1758 1681; x_wconf 82' lang='grc'>,</span> <span class='ocrx_word' id='word_1_172' title='bbox 1783 1617 1836 1667; x_wconf 69' lang='grc'>8(</span> <span class='ocrx_word' id='word_1_173' title='bbox 1857 1620 1967 1689; x_wconf 82' lang='lat' dir='ltr'>regi</span> 
     </span>
    </p>

    <p class='ocr_par' dir='ltr' id='par_1_17' title="bbox 487 1685 1966 1765">
     <span class='ocr_line' id='line_1_22' title="bbox 487 1685 1966 1765; baseline -0.001 -22"><span class='ocrx_word' id='word_1_174' title='bbox 487 1706 841 1765; x_wconf 79' lang='lat' dir='ltr'>comparatur,</span> <span class='ocrx_word' id='word_1_175' title='bbox 866 1710 974 1745; x_wconf 86' lang='lat' dir='ltr'>non</span> <span class='ocrx_word' id='word_1_176' title='bbox 997 1692 1116 1760; x_wconf 82' lang='lat' dir='ltr'>quia</span> <span class='ocrx_word' id='word_1_177' title='bbox 1154 1690 1347 1759; x_wconf 85' lang='lat' dir='ltr'>primus</span> <span class='ocrx_word' id='word_1_178' title='bbox 1375 1687 1539 1739; x_wconf 84' lang='lat' dir='ltr'>horno</span> <span class='ocrx_word' id='word_1_179' title='bbox 1569 1685 1671 1741; x_wconf 87' lang='lat' dir='ltr'>fuit</span> <span class='ocrx_word' id='word_1_180' title='bbox 1698 1729 1713 1753; x_wconf 84' lang='lat'>,</span> <span class='ocrx_word' id='word_1_181' title='bbox 1740 1687 1824 1740; x_wconf 89' lang='lat' dir='ltr'>sed</span> <span class='ocrx_word' id='word_1_182' title='bbox 1845 1696 1966 1762; x_wconf 86' lang='lat' dir='ltr'>quia</span> 
     </span>
    </p>

    <p class='ocr_par' dir='ltr' id='par_1_18' title="bbox 482 1762 1964 1837">
     <span class='ocr_line' id='line_1_23' title="bbox 482 1762 1964 1837; baseline 0.001 -19"><span class='ocrx_word' id='word_1_183' title='bbox 482 1766 548 1819; x_wconf 84' lang='lat' dir='ltr'>ab</span> <span class='ocrx_word' id='word_1_184' title='bbox 571 1786 636 1820; x_wconf 90' lang='lat' dir='ltr'>eo</span> <span class='ocrx_word' id='word_1_185' title='bbox 659 1767 893 1820; x_wconf 85' lang='lat' dir='ltr'>ducimus</span> <span class='ocrx_word' id='word_1_186' title='bbox 932 1767 1209 1837; x_wconf 83' lang='lat' dir='ltr'>originem.</span> <span class='ocrx_word' id='word_1_187' title='bbox 1281 1762 1583 1835; x_wconf 82' lang='lat' dir='ltr'>Negatione</span> <span class='ocrx_word' id='word_1_188' title='bbox 1610 1764 1876 1818; x_wconf 85' lang='lat' dir='ltr'>relationis</span> <span class='ocrx_word' id='word_1_189' title='bbox 1899 1766 1964 1819; x_wconf 85' lang='lat' dir='ltr'>ad</span> 
     </span>
    </p>

    <p class='ocr_par' dir='ltr' id='par_1_19' title="bbox 482 1835 1964 1913">
     <span class='ocr_line' id='line_1_24' title="bbox 482 1835 1964 1913; baseline -0.001 -18"><span class='ocrx_word' id='word_1_190' title='bbox 482 1845 712 1913; x_wconf 86' lang='lat' dir='ltr'>priorem</span> <span class='ocrx_word' id='word_1_191' title='bbox 749 1841 813 1894; x_wconf 84' lang='lat' dir='ltr'>ad</span> <span class='ocrx_word' id='word_1_192' title='bbox 854 1859 948 1894; x_wconf 89' lang='lat' dir='ltr'>nos</span> <span class='ocrx_word' id='word_1_193' title='bbox 980 1838 1198 1893; x_wconf 72' lang='lat' dir='ltr'>minime</span> <span class='ocrx_word' id='word_1_194' title='bbox 1235 1835 1451 1890; x_wconf 73' lang='lat' dir='ltr'>refertur</span> <span class='ocrx_word' id='word_1_195' title='bbox 1497 1879 1512 1906; x_wconf 82' lang='lat'>‚</span> <span class='ocrx_word' id='word_1_196' title='bbox 1561 1838 1647 1892; x_wconf 82' lang='lat' dir='ltr'>sed.</span> <span class='ocrx_word' id='word_1_197' title='bbox 1685 1839 1964 1907; x_wconf 85' lang='lat' dir='ltr'>relatione,</span> 
     </span>
    </p>

    <p class='ocr_par' dir='ltr' id='par_1_20' title="bbox 482 1912 1962 1991">
     <span class='ocr_line' id='line_1_25' title="bbox 482 1912 1962 1991; baseline -0.001 -20"><span class='ocrx_word' id='word_1_198' title='bbox 482 1935 640 1988; x_wconf 85' lang='lat' dir='ltr'>quam</span> <span class='ocrx_word' id='word_1_199' title='bbox 663 1915 958 1991; x_wconf 83' lang='lat' dir='ltr'>generando</span> <span class='ocrx_word' id='word_1_200' title='bbox 983 1913 1072 1967; x_wconf 88' lang='lat' dir='ltr'>fibi</span> <span class='ocrx_word' id='word_1_201' title='bbox 1091 1912 1386 1984; x_wconf 76' lang='lat' dir='ltr'>acquifiuit,</span> <span class='ocrx_word' id='word_1_202' title='bbox 1410 1912 1474 1965; x_wconf 91' lang='lat' dir='ltr'>ad</span> <span class='ocrx_word' id='word_1_203' title='bbox 1497 1914 1743 1986; x_wconf 90' lang='lat' dir='ltr'>posteros.</span> <span class='ocrx_word' id='word_1_204' title='bbox 1795 1918 1962 1990; x_wconf 80' lang='lat' dir='ltr'>Qn-</span> 
     </span>
    </p>

    <p class='ocr_par' dir='ltr' id='par_1_21' title="bbox 480 1987 1967 2138">
     <span class='ocr_line' id='line_1_26' title="bbox 481 1987 1967 2064; baseline -0.005 -19"><span class='ocrx_word' id='word_1_205' title='bbox 481 1995 542 2047; x_wconf 75' lang='lat' dir='ltr'>to</span> <span class='ocrx_word' id='word_1_206' title='bbox 559 2034 576 2060; x_wconf 83' lang='lat'>‚</span> <span class='ocrx_word' id='word_1_207' title='bbox 612 1993 647 2046; x_wconf 86' lang='lat' dir='ltr'>fi</span> <span class='ocrx_word' id='word_1_208' title='bbox 678 1994 790 2064; x_wconf 87' lang='lat' dir='ltr'>quis</span> <span class='ocrx_word' id='word_1_209' title='bbox 815 1995 868 2044; x_wconf 88' lang='lat' dir='ltr'>in</span> <span class='ocrx_word' id='word_1_210' title='bbox 887 2008 1069 2044; x_wconf 81' lang='lat' dir='ltr'>manus</span> <span class='ocrx_word' id='word_1_211' title='bbox 1085 1987 1311 2043; x_wconf 86' lang='lat' dir='ltr'>hostium</span> <span class='ocrx_word' id='word_1_212' title='bbox 1328 1987 1521 2042; x_wconf 87' lang='lat' dir='ltr'>incidat</span> <span class='ocrx_word' id='word_1_213' title='bbox 1542 2008 1696 2062; x_wconf 87' lang='lat' dir='ltr'>quem</span> <span class='ocrx_word' id='word_1_214' title='bbox 1712 1998 1853 2046; x_wconf 79' lang='lat' dir='ltr'>certo</span> <span class='ocrx_word' id='word_1_215' title='bbox 1872 2012 1967 2046; x_wconf 90' lang='lat' dir='ltr'>no..</span> 
     </span>
     <span class='ocr_line' id='line_1_27' title="bbox 480 2062 1963 2138; baseline 0 -17"><span class='ocrx_word' id='word_1_216' title='bbox 480 2071 650 2122; x_wconf 86' lang='lat' dir='ltr'>uerint</span> <span class='ocrx_word' id='word_1_217' title='bbox 670 2071 698 2122; x_wconf 74' lang='grc' dir='ltr'>εὶ</span> <span class='ocrx_word' id='word_1_218' title='bbox 720 2066 856 2120; x_wconf 91' lang='lat' dir='ltr'>bello</span> <span class='ocrx_word' id='word_1_219' title='bbox 884 2062 1028 2120; x_wconf 83' lang='lat' dir='ltr'>fuiffe</span> <span class='ocrx_word' id='word_1_220' title='bbox 1050 2069 1100 2119; x_wconf 88' lang='lat'>&amp;</span> <span class='ocrx_word' id='word_1_221' title='bbox 1121 2063 1392 2119; x_wconf 85' lang='lat' dir='ltr'>voluntate</span> <span class='ocrx_word' id='word_1_222' title='bbox 1409 2104 1425 2130; x_wconf 83' lang='grc'>,</span> <span class='ocrx_word' id='word_1_223' title='bbox 1453 2070 1506 2120; x_wconf 89' lang='lat'>&amp;</span> <span class='ocrx_word' id='word_1_224' title='bbox 1533 2084 1688 2138; x_wconf 83' lang='lat' dir='ltr'>opere</span> <span class='ocrx_word' id='word_1_225' title='bbox 1716 2066 1963 2136; x_wconf 85' lang='lat' dir='ltr'>alienum,</span> 
     </span>
    </p>

    <p class='ocr_par' dir='ltr' id='par_1_22' title="bbox 479 2137 1964 2211">
     <span class='ocr_line' id='line_1_28' title="bbox 479 2137 1964 2211; baseline -0.001 -14"><span class='ocrx_word' id='word_1_226' title='bbox 479 2162 577 2197; x_wconf 82' lang='lat' dir='ltr'>nec</span> <span class='ocrx_word' id='word_1_227' title='bbox 593 2143 715 2196; x_wconf 87' lang='lat' dir='ltr'>inid</span> <span class='ocrx_word' id='word_1_228' title='bbox 734 2137 1029 2196; x_wconf 84' lang='lat' dir='ltr'>consenfiffe</span> <span class='ocrx_word' id='word_1_229' title='bbox 1044 2182 1060 2207; x_wconf 83' lang='grc'>,</span> <span class='ocrx_word' id='word_1_230' title='bbox 1077 2140 1213 2194; x_wconf 90' lang='lat' dir='ltr'>hunc</span> <span class='ocrx_word' id='word_1_231' title='bbox 1228 2138 1262 2193; x_wconf 86' lang='lat' dir='ltr'><strong>fi</strong></span> <span class='ocrx_word' id='word_1_232' title='bbox 1283 2138 1597 2195; x_wconf 83' lang='lat' dir='ltr'>interficiunt</span> <span class='ocrx_word' id='word_1_233' title='bbox 1611 2145 1964 2211; x_wconf 80' lang='lat' dir='ltr'>innocentem,</span> 
     </span>
    </p>

    <p class='ocr_par' dir='ltr' id='par_1_23' title="bbox 479 2212 2014 2518">
     <span class='ocr_line' id='line_1_29' title="bbox 479 2212 1959 2290; baseline 0.003 -21"><span class='ocrx_word' id='word_1_234' title='bbox 479 2220 610 2273; x_wconf 85' lang='lat' dir='ltr'>mihi</span> <span class='ocrx_word' id='word_1_235' title='bbox 625 2222 880 2274; x_wconf 87' lang='lat' dir='ltr'>immanes</span> <span class='ocrx_word' id='word_1_236' title='bbox 898 2222 950 2272; x_wconf 85' lang='lat'>&amp;</span> <span class='ocrx_word' id='word_1_237' title='bbox 971 2215 1194 2270; x_wconf 88' lang='lat' dir='ltr'>crudeles</span> <span class='ocrx_word' id='word_1_238' title='bbox 1209 2212 1308 2270; x_wconf 79' lang='lat' dir='ltr'>effe</span> <span class='ocrx_word' id='word_1_239' title='bbox 1324 2216 1577 2271; x_wconf 86' lang='lat' dir='ltr'>videntur.</span> <span class='ocrx_word' id='word_1_240' title='bbox 1614 2217 1830 2288; x_wconf 85' lang='lat' dir='ltr'>Alioqui</span> <span class='ocrx_word' id='word_1_241' title='bbox 1851 2237 1959 2290; x_wconf 83' lang='lat' dir='ltr'>quae</span> 
     </span>
     <span class='ocr_line' id='line_1_30' title="bbox 482 2284 2014 2367; baseline -0.001 -18"><span class='ocrx_word' id='word_1_242' title='bbox 482 2296 638 2367; x_wconf 84' lang='lat' dir='ltr'>Regis</span> <span class='ocrx_word' id='word_1_243' title='bbox 657 2295 728 2349; x_wconf 90' lang='lat' dir='ltr'>est</span> <span class='ocrx_word' id='word_1_244' title='bbox 744 2313 888 2349; x_wconf 84' lang='lat' dir='ltr'>mens</span> <span class='ocrx_word' id='word_1_245' title='bbox 909 2291 1107 2348; x_wconf 86' lang='lat' dir='ltr'>bellum</span> <span class='ocrx_word' id='word_1_246' title='bbox 1121 2289 1389 2345; x_wconf 78' lang='lat' dir='ltr'>inferentis</span> <span class='ocrx_word' id='word_1_247' title='bbox 1404 2333 1421 2360; x_wconf 62' lang='lat'>2</span> <span class='ocrx_word' id='word_1_248' title='bbox 1439 2293 1619 2348; x_wconf 89' lang='lat' dir='ltr'>eadem</span> <span class='ocrx_word' id='word_1_249' title='bbox 1641 2291 1964 2366; x_wconf 86' lang='lat' dir='ltr'>praesumitut</span> <span class='ocrx_word' id='word_1_250' title='bbox 1984 2284 2014 2364; x_wconf 55' lang='grc' dir='ltr'><strong><em>ᾖ</em></strong></span> 
     </span>
     <span class='ocr_line' id='line_1_31' title="bbox 479 2365 2008 2442; baseline -0.001 -18"><span class='ocrx_word' id='word_1_251' title='bbox 479 2367 584 2424; x_wconf 82' lang='lat' dir='ltr'>effe.</span> <span class='ocrx_word' id='word_1_252' title='bbox 601 2387 746 2423; x_wconf 85' lang='lat' dir='ltr'>mens</span> <span class='ocrx_word' id='word_1_253' title='bbox 778 2373 1018 2424; x_wconf 86' lang='lat' dir='ltr'>omnium</span> <span class='ocrx_word' id='word_1_254' title='bbox 1046 2365 1387 2423; x_wconf 87' lang='lat' dir='ltr'>subditorum.</span> <span class='ocrx_word' id='word_1_255' title='bbox 1436 2367 1737 2442; x_wconf 77' lang='lat' dir='ltr'>Transfugis</span> <span class='ocrx_word' id='word_1_256' title='bbox 1764 2385 1959 2438; x_wconf 85' lang='lat' dir='ltr'>autem,</span> <span class='ocrx_word' id='word_1_257' title='bbox 2005 2384 2008 2387; x_wconf 77' lang='grc'>’</span> 
     </span>
     <span class='ocr_line' id='line_1_32' title="bbox 479 2440 1959 2518; baseline -0.001 -20"><span class='ocrx_word' id='word_1_258' title='bbox 479 2443 641 2517; x_wconf 88' lang='lat' dir='ltr'>iisque</span> <span class='ocrx_word' id='word_1_259' title='bbox 658 2447 748 2515; x_wconf 90' lang='lat' dir='ltr'>qui</span> <span class='ocrx_word' id='word_1_260' title='bbox 774 2442 825 2499; x_wconf 90' lang='lat' dir='ltr'>se</span> <span class='ocrx_word' id='word_1_261' title='bbox 857 2445 1052 2500; x_wconf 87' lang='lat' dir='ltr'>dedunt</span> <span class='ocrx_word' id='word_1_262' title='bbox 1080 2484 1096 2510; x_wconf 84' lang='lat'>,</span> <span class='ocrx_word' id='word_1_263' title='bbox 1121 2448 1259 2518; x_wconf 86' lang='lat' dir='ltr'>parci</span> <span class='ocrx_word' id='word_1_264' title='bbox 1284 2440 1428 2497; x_wconf 81' lang='lat' dir='ltr'>solet.</span> <span class='ocrx_word' id='word_1_265' title='bbox 1479 2446 1641 2499; x_wconf 77' lang='lat' dir='ltr'>Sexto</span> <span class='ocrx_word' id='word_1_266' title='bbox 1669 2486 1685 2512; x_wconf 83' lang='grc'>,</span> <span class='ocrx_word' id='word_1_267' title='bbox 1707 2448 1818 2500; x_wconf 84' lang='lat' dir='ltr'>Rex</span> <span class='ocrx_word' id='word_1_268' title='bbox 1852 2443 1959 2497; x_wconf 84' lang='lat' dir='ltr'>bel-</span> 
     </span>
    </p>
   </div>
   <div class='ocr_carea' id='block_1_2' title="bbox 480 2515 1970 2600">
    <p class='ocr_par' dir='ltr' id='par_1_24' title="bbox 480 2515 1970 2600">
     <span class='ocr_line' id='line_1_33' title="bbox 480 2515 1970 2600; baseline -0.003 -1"><span class='ocrx_word' id='word_1_269' title='bbox 480 2522 592 2599; x_wconf 47' lang='lat' dir='ltr'>lam-</span> <span class='ocrx_word' id='word_1_270' title='bbox 606 2518 766 2599; x_wconf 73' lang='lat' dir='ltr'>{nfert</span> <span class='ocrx_word' id='word_1_271' title='bbox 788 2523 964 2598; x_wconf 46' lang='lat' dir='ltr'>rieux</span> <span class='ocrx_word' id='word_1_272' title='bbox 981 2523 1342 2600; x_wconf 50' lang='lat' dir='ltr'>gesszssaesonpes</span> <span class='ocrx_word' id='word_1_273' title='bbox 1355 2515 1406 2597; x_wconf 60' lang='lat' dir='ltr'>as}</span> <span class='ocrx_word' id='word_1_274' title='bbox 1426 2517 1614 2600; x_wconf 47' lang='lat' dir='ltr'>Qun,</span> <span class='ocrx_word' id='word_1_275' title='bbox 1634 2520 1720 2599; x_wconf 66' lang='lat' dir='ltr'>ssd</span> <span class='ocrx_word' id='word_1_276' title='bbox 1736 2538 1825 2599; x_wconf 60' lang='lat' dir='ltr'>pes</span> <span class='ocrx_word' id='word_1_277' title='bbox 1847 2521 1970 2596; x_wconf 49' lang='lat' dir='ltr'>{aba</span> 
     </span>
    </p>
   </div>
  </div>
 </body>
</html>
