2018 2844
1154 154 1222 208 50

476 217 701 289 quorum
730 212 786 272 in
826 212 916 270 illa
941 215 1337 287 comparatione
1362 229 1427 268 ne
1451 214 1696 271 meminit
1726 212 1954 291 quidem.

477 293 534 347 Si
557 292 842 364 posterius,
868 286 1119 347 vitiosum
1148 290 1219 345 est
1237 305 1637 362 argumentum,
1665 310 1762 346 nec
1793 292 1955 351 vllam

477 366 825 423 concludendi
838 369 949 423 vim
959 365 1209 422 habetzest
1221 367 1363 420 enIm
1376 368 1432 420 in
1445 369 1613 439 prima
1631 364 1957 444 syllogismo-

474 458 594 497 rum
614 441 794 518 figura.
835 441 997 518 Qod
1014 441 1050 498 fi
1066 444 1388 515 concipiatur
1407 447 1464 496 ln
1481 445 1637 496 tertia
1658 441 1817 515 figura
1841 440 1955 499 sub-

475 519 652 587 juncta
679 522 883 575 minore
904 514 1177 577 Vniuersali
1199 541 1218 584 3
1238 534 1298 572 ea
1319 521 1491 574 minor
1520 516 1621 573 fine
1641 519 1804 574 dubio
1825 516 1951 577 falsa

473 595 575 648 erit
596 595 788 667 aperte.

545 668 696 743 Resp.
732 689 778 723 2.
809 676 884 728 Vt
919 688 1173 742 ponamus
1206 673 1340 726 vitio
1366 687 1534 724 carere
1553 667 1952 746 Syllogismum2'

474 745 584 813 ejus
603 745 986 799 conclusionem
1003 766 1110 800 non
1123 744 1291 802 obeffe
1304 744 1508 802 Placeo.
1532 748 1794 803 Concedit
1806 751 1952 805 enim

474 820 614 875 vltro
635 824 788 895 primi
815 820 944 877 Adae
961 825 1156 895 peccati
1183 824 1589 895 imputationem
1605 864 1622 891 ,
1644 824 1810 878 modo
1826 843 1951 879 con·

471 892 686 968 sequens
701 893 783 951 seu
803 899 1026 952 mediata
1042 897 1388 971 intelligatur,
1406 915 1563 970 quam
1577 898 1823 974 intelligi,
1836 919 1951 957 non

468 988 646 1026 autem
661 974 1056 1027 antecedentem
1071 970 1157 1027 seu
1178 975 1560 1038 immediatam,
1573 973 1658 1026 illa
1670 973 1781 1046 Ipsa
1791 974 1948 1030 Chri·
1982 977 1985 979 ’

468 1047 601 1102 stum
622 1052 757 1103 inter
788 1053 840 1103 &
869 1047 1138 1105 Adamum
1168 1051 1492 1122 comparatio
1517 1047 1735 1121 flagitat.
1798 1050 1947 1107 Nam

466 1121 905 1200 imp,a‘taiiojaecslitiae
928 1123 1206 1197 Christifide
1214 1139 1427 1199 perceptae
1440 1165 1455 1186 ,
1483 1125 1711 1179 nostrum
1734 1124 1947 1181 consen-

467 1194 583 1252 sum
604 1239 621 1265 ,
649 1202 878 1255 nostram
910 1198 1070 1255 fidem
1102 1204 1433 1272 conlequitur
1453 1239 1469 1267 ,
1493 1199 1654 1271 eaque
1678 1199 1944 1257 mediante

465 1270 542 1327 fit.
560 1273 990 1331 Consentaneum
1003 1275 1072 1330 est
1086 1277 1615 1350 igitur,vtimputatio
1633 1278 1786 1348 primi
1810 1276 1943 1335 Adae

464 1354 665 1420 peccati
698 1354 745 1406 ei
776 1349 1088 1424 respondens
1116 1391 1134 1418 ,
1165 1351 1392 1423 aliquem
1436 1351 1668 1408 nostrum
1706 1392 1722 1418 ‚
1771 1351 1805 1406 fi
1832 1372 1942 1409 non

465 1427 641 1480 actum
664 1467 679 1493 ‚
720 1425 902 1482 saltem
933 1426 1169 1480 habitum
1192 1467 1210 1494 ,
1247 1426 1280 1481 si
1313 1445 1423 1480 non
1445 1425 1699 1482 annalem
1718 1470 1733 1495 ,
1763 1425 1943 1486 saltem.

464 1498 789 1565 habitualem
823 1499 1130 1559 consensum
1164 1497 1399 1576 sequatur
1422 1543 1440 1572 ,
1474 1506 1642 1578 eoque
1677 1503 1943 1578 mediante

464 1572 574 1632 fiat.

542 1651 695 1725 Resp.
722 1673 763 1726 3.
789 1672 907 1709 eam
924 1656 995 1711 D.
1014 1655 1139 1712 Gar.
1167 1652 1550 1709 conclusionem
1566 1653 1845 1711 adscribere
1865 1654 1943 1712 Α·

462 1729 672 1802 postolo
684 1770 700 1796 ‚
714 1749 824 1802 quae
839 1749 903 1784 ex
921 1729 1010 1784 illa
1020 1733 1412 1801 comparatione
1427 1729 1609 1784 deduci
1623 1750 1732 1784 non
1749 1733 1938 1804 potest,

461 1802 554 1858 nisi
582 1802 756 1859 euersa
777 1804 1042 1861 constante
1057 1807 1298 1859 omnium
1317 1809 1531 1861 Patrum
1548 1846 1564 1873 ,
1597 1809 1939 1879 omniumque

455 1878 797 1936 Ecclefiarum
837 1880 1271 1938 Orthodoxarum
1304 1880 1557 1937 doen-ina.
1619 1881 1750 1940 Vult
1794 1886 1941 1939 enim

457 1954 591 2009 hanc
609 1954 708 2012 esse
723 1956 1102 2012 conclusionem
1117 1955 1376 2029 Apostoli.
1437 1968 1561 2030 Ergo
1584 1955 1933 2029 iustitiasecun-

456 2030 511 2084 di
538 2031 715 2085 Adami
731 2072 747 2095 ,
772 2038 855 2106 qui
889 2032 1097 2104 Chrssus
1116 2035 1204 2108 est,
1234 2051 1325 2086 non
1348 2038 1678 2110 propagatione
1695 2074 1711 2097 ,
1736 2033 1832 2107 ſsd
1845 2038 1934 2087 im·

440 2111 689 2182 putatione
706 2110 775 2163 ad
787 2128 872 2162 nos
891 2108 1133 2184 defiendit.
1179 2112 1308 2184 Qae
1342 2107 1600 2164 conclufio
1645 2106 1786 2182 sequi
1827 2128 1937 2166 non

455 2182 624 2254 potest
654 2184 748 2239 nisi
781 2203 847 2240 ex
883 2184 991 2240 hoc
1020 2187 1355 2239 antecedente
1378 2225 1395 2252 ‚
1427 2189 1706 2241 Peccatum
1739 2184 1936 2242 Adami

453 2276 563 2312 non
593 2261 971 2335 propagatione
992 2301 1010 2329 ,
1038 2258 1125 2314 sed
1153 2264 1504 2334 imputatione
1526 2260 1591 2314 ad
1614 2279 1710 2316 nos
1730 2257 1933 2315 descen-

452 2332 546 2386 dit.
583 2333 729 2390 Nam
760 2337 795 2390 fi
817 2354 987 2410 ponas
1010 2351 1279 2410 peccatum
1316 2334 1512 2392 Adami
1536 2339 1727 2409 partim
1750 2354 1935 2410 propa-

451 2412 700 2480 gatione,
722 2415 912 2484 partim
938 2414 1288 2486 imputatione
1309 2411 1375 2465 ad
1395 2430 1490 2465 nos
1511 2408 1937 2485 descendere2qu5

448 2481 829 2559 consequentia
847 2487 970 2541 inde
1000 2483 1280 2554 conficies³
1311 2485 1564 2559 justitiam
1595 2486 1790 2545 Christi
1825 2500 1936 2542 non

446 2565 864 2640 propagante>
888 2559 975 2641 sed
996 2566 1351 2642 imputatum.
1369 2560 1708 2643 dauniae?
1756 2568 1932 2641 opor:
