2018 2844
259 112 353 166 DE
386 106 1250 180 AR0.E‘Ron.1.x⁷.13.&seqq.
1425 126 1536 182 403

63 186 118 234 ad
133 198 210 232 nos
224 182 495 233 damnandos
514 202 698 250 peccato
715 185 886 237 alienO,
910 200 988 230 nec
1005 198 1230 246 peccatum
1248 182 1438 228 alienum
1461 200 1544 247 po·-

60 249 140 299 test
154 247 351 296 nostrum
366 249 448 296 effe
466 251 587 298 dono
616 270 628 306 ;
653 253 1024 312 itaqueimputari
1040 265 1129 294 non
1154 244 1324 311 potest,
1356 246 1433 292 nisi
1451 264 1544 294 me·

59 313 209 361 diante
224 329 405 376 peccato
422 316 656 363 inhaerente
679 315 804 378 quod
833 315 1000 377 peccati
1027 313 1138 360 Adae
1163 315 1442 376 participatio
1462 311 1542 358 est.

148 413 367 474 Interim
402 419 520 486 quia
542 412 743 470 versum
769 433 844 468 21.
880 416 1005 467 citas
1035 450 1050 476 ‚
1085 427 1179 463 nec
1201 424 1380 462 tamen
1402 412 1542 481 quic-

61 506 217 561 quam
240 494 528 559 argumenti
550 510 614 544 ex
635 510 699 545 eo
720 488 989 562 exsculpis.
1030 488 1147 558 Ego
1168 505 1235 538 ex
1256 504 1319 538 eo
1348 489 1396 540 δε
1418 504 1541 557 prae-

59 564 273 617 cedente
295 581 657 638 argumentum
676 565 939 640 colligam.
982 568 1258 618 Peccatum
1284 602 1299 628 ‚
1321 562 1464 632 quod
1485 577 1542 614 vt

61 639 344 694 abundaret
359 642 441 695 lex
455 642 610 698 Mofis
627 642 869 717 praeterea
882 643 1039 694 introi
1046 642 1107 707 jt‚
1123 637 1364 709 quodque
1382 637 1542 690 abun-

60 715 206 768 dauit
233 755 248 781 ,
269 716 343 785 [δε
375 722 609 791 regnauit
630 720 694 771 ad
717 733 948 772 mortem
966 756 982 782 ‚
1003 716 1071 770 est
1092 713 1219 767 illud
1254 724 1542 785 peccatum,

62 792 204 862 quod
226 809 314 863 per
337 812 494 848 vnum
507 795 992 849 hominemintroiit
1014 795 1068 844 in
1085 789 1337 843 mundum
1352 829 1367 855 ,
1385 792 1436 843 δε
1453 807 1543 861 per

57 864 226 936 ipsum
255 886 395 922 mors
416 909 432 936 ‚
467 885 525 924 vt
544 870 878 924 manifestum
900 870 970 924 est
992 886 1054 921 ex
1079 867 1410 919 connexione
1431 883 1543 920 ver-

36 939 209 994 'suum
235 961 324 996 20.
348 947 399 998 &
425 963 504 999 21.
529 964 647 1000 cum
664 944 1100 999 antecedentibus.
1143 941 1244 995 Sed
1258 955 1544 1013 peccatum,

59 1017 202 1087 quod
228 1033 286 1073 vt
319 1019 602 1074 abundaret
634 1023 715 1075 lex
740 1019 897 1077 Mofis
919 1015 1164 1091 practerea
1187 1018 1389 1070 introiit
1427 1056 1445 1084 ,
1487 1021 1543 1072 &

60 1092 204 1164 quod
224 1113 396 1149 reuera
410 1096 710 1160 abundauit,
729 1102 782 1152 &
799 1095 945 1168 quod
967 1098 1203 1166 regnauit
1219 1092 1283 1145 ad
1295 1107 1547 1160 mortem,

61 1186 171 1220 non
193 1171 264 1223 est
285 1188 550 1242 peccatum
568 1174 762 1229 aciuaie
778 1172 972 1238 Adami
995 1174 1314 1234 imputatum
1331 1208 1347 1235 ,
1368 1164 1454 1221 sed
1470 1170 1546 1222 vi-

58 1245 195 1296 tium
217 1246 497 1314 inhaeren5‚
518 1263 574 1302 vt
597 1264 737 1321 patet
754 1267 817 1302 ex
839 1250 997 1302 Rom.
1020 1265 1100 1299 v1.
1130 1263 1207 1298 12·
1230 1247 1283 1297 &
1310 1264 1361 1315 7.
1393 1246 1442 1298 8.
1469 1261 1542 1297 11.

61 1337 135 1389 13·
162 1341 264 1391 17..
323 1323 466 1395 Ergo
490 1341 791 1394 peccatum,
816 1322 956 1394 quod
980 1319 1297 1374 inmundum
1321 1322 1549 1386 introiit,

62 1397 117 1448 &
149 1413 237 1466 per
259 1393 428 1469 ipsum
449 1415 591 1452 mors
618 1441 635 1467 ‚
672 1419 781 1452 non
801 1401 870 1452 est
893 1412 1160 1469 peccatum
1183 1393 1380 1449 ae'tuale
1406 1393 1549 1449 Ada-

58 1473 134 1524 mi
158 1471 309 1524 nobis
328 1475 645 1546 imputatum
663 1515 680 1543 2
701 1472 784 1529 sed
806 1476 994 1531 vitium
1012 1472 1162 1525 nobis
1175 1471 1471 1525 inhabitans
1491 1475 1546 1527 &

58 1543 331 1601 inhaerenS.

152 1626 394 1696 Denique
408 1625 586 1680 laudas
611 1643 652 1679 1.
684 1627 813 1681 Cor.
841 1638 918 1695 '15-
944 1622 1069 1680 vers.
1100 1643 1178 1678 21.
1221 1641 1303 1677 22.
1350 1634 1440 1677 Per
1473 1624 1551 1677 ho-

54 1719 160 1753 nem
193 1719 314 1752 mers
335 1712 448 1775 ,pe'r
472 1702 700 1756 hominem
724 1719 898 1775 quoque
928 1703 1190 1773 reserrec‘i'io
1230 1714 1506 1752 mertuorum
1528 1724 1546 1759 5

38 1777 167 1845 ficut
183 1781 306 1828 enim
328 1782 380 1829 in
400 1779 593 1834 &Adam
614 1798 770 1831 omnes
792 1781 1055 1830 moriuntsar
1072 1817 1086 1837 ‚
1123 1781 1193 1829 ita
1214 1773 1271 1834 &
1291 1779 1343 1826 in
1364 1775 1547 1829 Christo

57 1871 213 1903 omnes
234 1852 614 1922 viuqficabantm.
673 1853 775 1907 Sed
797 1852 921 1923 quid
939 1852 1094 1904 habet
1118 1853 1204 1905 iste
1221 1851 1362 1903 locus
1378 1892 1391 1912 ‚
1408 1852 1551 1924 quod

56 1924 232 1981 faueat
252 1929 588 1999 imputationi
617 1930 810 1999 peccati
834 1926 1046 1980 aetuans
1072 1925 1266 1981 Adami
1290 1933 1311 1984 ξ
1337 1929 1432 1980 Per
1457 1927 1550 1980 ho-

58 2005 262 2055 minem
283 2005 350 2057 est
376 2022 514 2057 mors
536 2045 552 2069 2
582 2024 689 2058 non
710 2020 810 2058 vna
836 2021 1053 2055 numero
1086 2002 1294 2073 1·e]{qu{s
1327 2002 1556 2056 homini-

56 2076 149 2131 bus
165 2081 419 2150 imputata
435 2118 448 2139 ,
475 2077 561 2133 sed
575 2081 854 2133 hominum
869 2075 956 2131 sua
970 2077 1182 2150 quisque
1202 2094 1370 2130 morte
1394 2083 1555 2132 mori«

36 2165 154 2206 ·tur.
232 2157 297 2207 in
346 2153 561 2208 Adamo
606 2175 787 2209 omnes
812 2157 1108 2208 moriuntur
1139 2196 1155 2221 3
1188 2150 1271 2205 sed
1294 2150 1383 2205 susi
1419 2152 1550 2226 quis-

59 2245 160 2299 que
185 2248 354 2283 morte
375 2271 390 2292 ,
414 2250 522 2284 non
543 2231 633 2284 illa
655 2231 896 2304 singulari
924 2233 1074 2285 Vnius
1100 2233 1357 2304 imputata
1382 2234 1554 2283 omni-

56 2300 168 2357 bus.
224 2306 373 2359 Idem
401 2307 462 2359 de
490 2305 856 2363 resurreetione
883 2307 1212 2360 statuendum
1243 2329 1261 2369 'a
1295 2301 1380 2357 sua
1409 2309 1551 2359 enim

60 2377 273 2454 quisque
286 2380 654 2439 resurreffione
671 2381 886 2455 resurgit
904 2423 918 2449 2
933 2381 1019 2436 scd
1037 2385 1086 2438 vi
1101 2383 1310 2439 Christi·
1357 2379 1452 2445 At,
1476 2385 1552 2434 in-

2 2475 7 2479 ’
61 2457 176 2525 quis
193 2499 209 2525 ‚
234 2460 459 2530 Apostolus
483 2461 733 2531 considerat
750 2478 907 2513 omnes
928 2457 1133 2511 homines
1154 2465 1205 2512 in
1224 2460 1410 2511 Adamo
1435 2477 1554 2509 mor-

61 2543 181 2590 taos.
225 2531 385 2610 Visne
408 2536 568 2613 igitmj
587 2538 689 2595 hoc
705 2553 933 2613 quoque,
951 2532 1118 2610 ipsam
1139 2535 1279 2592 Illam
1308 2550 1558 2604 mortem,
