2018 2844
890 197 911 232 1

104 253 424 320 interessem,
456 250 541 306 sed
576 256 734 326 etiam
756 197 885 306 vnn}
919 249 1071 310 essem
1108 255 1171 309 'ex
1198 251 1445 327 delegatis
1470 255 1593 325 ilus,

101 335 191 403 qui
214 335 529 396 Decretum,
555 327 618 381 de
641 347 746 401 quo
763 332 953 400 agitur,
981 326 1398 402 conscripserunt.
1441 333 1593 387 Nun-

102 426 260 479 quam
277 406 427 461 nobis
450 407 503 457 in
519 419 751 458 mentem
773 407 914 458 venit
929 422 1042 458 eam
1059 408 1463 481 imputationem
1480 425 1594 482 pec-

14 473 20 480 ’
102 486 202 535 cati
233 481 475 538 Adamici
508 479 864 545 constabilire,
905 498 1061 552 quam
1094 496 1152 533 tu
1172 483 1509 537 antecedentem
1531 484 1590 545 ό·

92 554 688 627 immediatamappellas,
710 551 796 608 sed
813 572 926 608 eam
949 554 1199 611 duntaxat
1216 597 1230 622 ‚
1245 576 1400 630 quam
1419 574 1591 616 tucon-

80 631 354 705 sequentem
377 628 434 690 cb·
455 634 707 702 medifztam
736 647 907 684 vocas.
946 631 1061 703 Ego
1086 632 1296 704 quidem
1318 635 1388 686 ita
1412 653 1591 709 perpe-

100 710 196 762 tuo
222 704 340 761 senfi
360 711 411 760 &
442 707 610 759 docui.
641 709 898 781 roirca
916 725 1109 779 magno
1126 710 1320 780 gaudio
1336 749 1352 776 ,
1381 715 1434 763 δε
1464 729 1587 768 con-

99 780 350 836 solatione
373 779 569 835 afficior
589 822 605 847 ,
631 781 777 854 quod
799 780 1004 835 videam
1033 783 1099 835 ‘de
1133 785 1233 836 hoc
1255 786 1589 842 momentoso
1668 821 1671 823 -

99 857 344 931 dogmate
364 873 415 910 te
443 875 647 911 mecum
666 859 808 910 idem
828 854 1028 910 sentire.
1071 860 1124 912 Si
1155 862 1232 912 tui
1254 859 1392 930 apud
1412 866 1590 933 eosju-

99 934 344 987 stificandi
364 974 380 999 ,
403 936 488 1003 qui
508 932 613 991 haee
630 973 644 998 ,
673 948 758 986 aut
782 950 888 986 non
904 930 1020 984 satis
1045 933 1346 1006 intelligunt
1364 976 1378 1002 ,
1398 953 1488 990 aut
1503 939 1591 996 ad-

97 1009 247 1062 uersis
272 1008 573 1081 praejudiciis
596 1004 966 1073 laborant2sese
988 1008 1119 1060 mihi
1147 1010 1346 1064 dederit
1373 1013 1589 1082 occasi0‚

101 1082 354 1137 confirmo
386 1084 482 1135 tibi
504 1102 585 1135 me
615 1081 771 1137 causae
784 1099 881 1137 tuae
900 1103 1006 1135 non
1028 1081 1343 1140 defuturum.
1375 1087 1591 1144 Interest

99 1157 277 1230 gloriae
312 1162 415 1213 Dei
452 1162 502 1211 &
543 1159 754 1230 publicae
782 1156 1132 1212 aedificationis
1152 1200 1166 1222 ,
1188 1179 1242 1216 vt
1267 1163 1373 1215 haec
1399 1169 1587 1221 veritas

26 1226 38 1245 ²
100 1235 342 1287 omnibus
369 1232 657 1285 innotestat
675 1275 689 1300 ,
714 1235 846 1287 nihil
874 1249 927 1287 vt
950 1232 1011 1286 fit
1034 1275 1050 1300 ,
1071 1238 1210 1306 quod
1233 1239 1397 1291 obstet
1422 1279 1437 1304 ,
1460 1260 1589 1312 quo-

99 1311 269 1362 minus
304 1309 486 1380 quibus
510 1325 561 1361 te
591 1310 775 1363 ditauit
799 1313 943 1365 Deus
972 1310 1121 1362 dotes
1152 1313 1368 1386 intignes
1396 1315 1586 1389 vbique

99 1382 322 1440 studium
343 1386 521 1438 ferant„
553 1385 686 1456 'Ego
702 1400 753 1438 te
786 1401 904 1439 toto
934 1389 1140 1458 pectore
1157 1388 1475 1462 complector
1493 1435 1507 1459 ‚
1530 1398 1585 1449 δε

98 1456 208 1514 sum
226 1501 241 1526 2
272 1465 371 1514 &a

131 1562 138 1563 ἶ
177 1536 319 1611 Qd
341 1551 486 1608 potes
509 1532 729 1606 amplius
750 1534 813 1588 ad
837 1536 1044 1607 plenam
1063 1534 1233 1593 Placei
1268 1539 1584 1611 justificatio-

100 1631 221 1667 nem
236 1652 252 1677 ,
278 1613 462 1666 Lector
477 1612 587 1681 pie,
609 1610 924 1670 desiderare?

481 1991 807 2083 Distributio
843 1993 1187 2062 dicendorum.

96 2135 216 2271 R
236 2138 566 2195 Econciliato
598 2159 716 2197 cum
727 2142 942 2216 Synodo
965 2143 1179 2203 Piace0‚
1198 2142 1326 2196 nihil
1345 2141 1581 2218 superest5

235 2215 329 2268 nisi
344 2231 398 2269 vt
420 2217 606 2270 stantes
627 2220 864 2291 vtrinque
880 2234 1306 2291 argumentorum
1328 2225 1459 2274 acies
1476 2264 1491 2285 ,
1513 2225 1584 2277 al-

84 2303 248 2344 teram
281 2309 376 2362 pro
413 2295 762 2366 imputatione
781 2334 797 2361 ,
833 2293 1048 2348 alteram
1073 2310 1251 2348 contra
1278 2298 1582 2368 imputatio-

86 2384 206 2419 nem
231 2370 387 2438 primi
412 2367 540 2423 Adae
568 2373 762 2443 peccati
794 2369 1126 2424 conciliemus
1148 2373 1282 2435 inter
1304 2369 1353 2423 se
1370 2413 1383 2437 ,
1406 2389 1462 2426 vt
1485 2394 1577 2447 po-

87 2438 190 2491 fitis
212 2442 346 2494 odiis
362 2485 378 2509 ,
402 2440 596 2499 sublata
628 2442 931 2499 dissensione
948 2486 964 2513 ,
989 2450 1277 2515 conjunctis
1302 2448 1491 2503 viribus
1514 2452 1581 2506 ad

86 2516 366 2571 Decretum
394 2521 593 2594 Synodi
617 2521 873 2575 tuendum
905 2525 959 2576 &
994 2521 1405 2576 confirmandum
1441 2530 1581 2598 quic-

87 2592 212 2664 quid
236 2592 427 2673 habent
450 2597 651 2676 roboris
672 2597 1001 2677 concorditer
1018 2597 1303 2655 conferant.
1325 2599 1387 2653 Id
1405 2617 1579 2675 autern

772 2687 776 2692 “
1158 2678 1211 2732 H
1248 2693 1275 2729 2
