2018 2844
272 117 370 172 DE
414 115 576 170 CoM.
621 132 837 168 MORTE
879 125 1248 169 Montrius:
1422 118 1532 188 197¹

68 191 129 239 ¹de
150 190 179 238 fi
209 190 250 238 se
272 188 417 236 homo
433 189 525 254 ipse
541 191 691 252 priuat
714 188 903 250 justitia,
933 204 1088 233 nonne
1113 186 1204 234 hoc
1222 187 1323 234 satis
1337 189 1397 235 est
1412 206 1459 237 vt
1480 193 1530 238 sit

71 257 239 318 justitia
251 257 453 318 priuatus
470 266 484 299 Ξ
518 251 649 316 Qd
664 267 780 315 opus
800 253 860 297 est
873 286 884 303 ,
907 252 1212 315 vtpostquam
1229 250 1318 298 sese
1332 253 1426 315 ipse
1440 260 1534 318 pri.

71 319 376 381 uauitjustitia
392 351 404 370 ‚
422 321 548 363 Deus
565 331 668 362 eum
683 319 834 378 priuet
846 316 1038 378 justitia?
1068 331 1258 380 oportet
1280 320 1402 362 enim
1417 317 1535 365 hanc

27 381 34 383 “
72 385 386 445 priua-tionem
412 379 488 426 ill&
513 381 814 444 posteriorem
838 378 950 431 esse,
979 379 1202 441 siquidem
1219 379 1298 425 illa
1313 381 1373 427 est
1388 382 1536 428 viola-

73 445 266 510 tiolegis
285 480 298 499 ,
323 444 420 490 haec
444 443 568 490 illam
594 441 901 489 violationem
918 443 1203 504 consequens
1218 461 1372 507 poena.
1417 448 1536 492 Prae-

72 524 221 561 terea,
239 526 395 572 quaero
416 541 430 560 ,
458 509 658 571 priuatio
677 506 853 568 justitiae
873 505 1109 569 originalis
1132 524 1359 569 quatenus
1382 507 1471 556 fuit
1486 515 1536 558 in

72 573 254 619 Adamo
271 609 282 626 ‚
296 588 372 619 aut
386 571 504 617 estin
519 570 652 616 nobis
670 569 887 615 omnibus
902 603 914 621 ‚
941 569 1087 631 qualis
1106 569 1157 616 fit
1171 574 1403 634 priuatio?
1429 574 1459 620 fi
1473 577 1552 621 est'

73 638 221 682 aetina
238 669 251 688 ,
281 636 429 682 habeo
453 634 582 697 quod
611 631 721 679 volo
744 667 756 684 ,
781 634 840 679 est
863 634 1058 679 violatio
1096 632 1207 698 legis
1226 669 1237 688 ‚
1262 652 1357 681 non
1381 653 1536 688 autem

71 716 210 763 poena
225 699 326 765 lege
342 700 629 746 denunciata.
680 699 725 743 Si
740 699 799 743 est
812 696 976 761 paffiua
988 734 998 749 ,
1013 714 1106 743 non
1122 699 1182 744 est
1196 699 1390 746 violatio
1404 700 1536 766 legis,

72 780 169 809 non
187 765 246 810 est
271 778 540 828 peccatum,
563 760 638 808 sed
661 777 798 825 poena
826 760 1021 807 tantum.
1062 762 1113 808 Id
1143 763 1271 825 quod
1292 766 1533 831 estnegare

71 842 310 891 peccatum
328 826 566 889 originale.
593 829 832 887 Denique,
859 827 1092 872 Docet-ne
1112 827 1278 873 alicubi
1295 832 1532 892 Scriptura

70 894 225 937 Deum
241 891 433 955 priuasse
453 889 890 952 Adainuinjustiti33
922 890 1184 953 Qomodo
1202 909 1313 955 ergo
1327 894 1454 939 ausus
1468 899 1530 943 est

75 958 157 1000 Vir
172 957 354 1002 Dostus
381 955 428 1001 id
455 952 666 1000 asserere?
692 954 834 999 Certe
853 986 866 1006 ,
893 971 978 1016 qua
996 952 1138 999 ducor
1163 973 1270 1018 erga
1287 961 1438 1004 Deum
1454 978 1530 1006 re-

75 1024 285 1065 uerentia
309 1054 320 1070 ‚
341 1018 460 1066 ferre
487 1034 583 1063 non
606 1017 755 1081 potest
772 1035 873 1064 mea
896 1017 1171 1065 conscicntia
1188 1021 1312 1067 illam
1326 1020 1532 1071 affertio-

71 1097 191 1128 nem.
226 1087 348 1131 Nam
364 1087 444 1146 qui
459 1086 609 1145 priuat
625 1081 862 1128 hominem
879 1082 1056 1145 justitia,
1069 1081 1178 1128 facit
1191 1102 1296 1131 eum
1312 1087 1529 1147 injustum

73 1145 259 1210 ejusque
284 1149 510 1210 injustitia:
538 1144 664 1191 causa
689 1145 762 1189 est.
793 1145 847 1191 Id
871 1145 1002 1207 quod
1029 1145 1100 1190 vel
1125 1147 1335 1212 suspicari
1352 1150 1407 1196 de
1423 1155 1528 1199 Deo

73 1208 187 1254 mihi
210 1209 337 1257 nefas
361 1211 447 1257 effe
476 1209 672 1255 videtur.
712 1208 801 1254 Sed
827 1208 1070 1255 secundam
1094 1209 1223 1257 affert
1238 1218 1322 1262 Vir
1347 1217 1530 1263 Doctus

72 1272 417 1337 responsionem
430 1308 444 1328 ‚
474 1291 563 1336 qua
577 1271 700 1318 tollit
713 1271 762 1317 id
777 1272 906 1335 quod
923 1272 1074 1318 dedit:
1097 1291 1194 1320 eam
1209 1277 1460 1325 audiamus.

132 1374 172 1416 G
189 1375 225 1418 A
242 1377 297 1420 R.
347 1390 385 1418 2.
405 1379 450 1420 Si
462 1390 544 1417 rem
561 1373 774 1436 diligenter
795 1371 1043 1416 attendimus
1058 1408 1068 1423 ,
1089 1374 1247 1435 patebit
1255 1383 1531 1434 priuationem

71 1436 263 1482 :lerinam
290 1437 447 1498 justitfae
463 1470 475 1488 ‚
499 1454 582 1498 qua
594 1438 686 1495 ftil.
710 1436 824 1480 homo
848 1441 1005 1480 amittit
1027 1438 1223 1497 justitiam
1244 1446 1294 1491 (έν
1310 1440 1530 1508 edft1pst1m

61 1502 238 1562 spoliat,
261 1519 337 1557 non
359 1503 428 1562 effe
444 1503 682 1563 formaliter
703 1501 816 1543 idem
837 1515 928 1543 cum
945 1503 1162 1545 violatione
1177 1513 1357 1567 praecepti
1378 1509 1525 1555 diuini,

67 1571 216 1625 Itaque
239 1582 387 1611 verum
413 1565 578 1626 quidem
607 1571 683 1608 erit
701 1569 743 1607 in
768 1561 893 1608 sensu
920 1561 1082 1608 causali
1104 1569 1204 1611 violi
1219 1575 1365 1613 tfonem
1392 1572 1528 1618 diuini

62 1637 241 1693 praecepti
257 1632 325 1691 effi
334 1628 762 1691 justitiaepriuationem
773 1657 785 1676 ‚
809 1629 1131 1688 quiascilicetex
1151 1635 1368 1677 violatione
1392 1640 1528 1697 const-

66 1698 212 1755 quitur
233 1697 303 1738 illa
315 1700 495 1755 primitia
518 1710 539 1742 ,·-
557 1709 634 1753 quo
653 1692 772 1751 ftnsit
793 1691 1147 1753 dicimrdoloreffi
1160 1697 1310 1752 solutio
1334 1708 1527 1752 continui,

66 1761 166 1818 quia
178 1757 471 1817 adsblutionem
485 1762 660 1801 continui
659 1758 848 1816 stquimr
860 1754 956 1814 :sbd
970 1761 1010 1798 in
1022 1753 1147 1802 sensti
1160 1755 1342 1805 formali
1359 1781 1435 1807 non
1447 1773 1529 1811 erit

67 1836 216 1866 verum
230 1856 242 1872 ‚
263 1823 491 1880 itascilicet
516 1835 566 1866 vt
588 1822 718 1884 reapſs²
743 1836 872 1865 vnum
895 1819 1196 1882 idemquefint,
1221 1842 1293 1870 nec
1318 1825 1524 1887 diffbrant,

63 1884 385 1943 ntsinominibus.

126 1949 302 1993 PLAC.
337 1942 558 2008 Ego'verb
575 1947 794 1998 existimo,
810 1949 1119 2010 priuationem
1134 1965 1218 2011 pto
1233 1948 1523 2002 distinetione

63 2015 250 2060 termini
264 2011 336 2057 seu
355 2008 514 2055 formiae
529 2045 540 2061 ‚
555 2016 678 2072 cujus
694 2011 753 2054 est
771 2014 968 2072 priuatio
982 2046 992 2062 ‚
1017 2010 1231 2076 distingui
1245 2013 1425 2063 debere.
1451 2021 1523 2065 Est

63 2076 394 2138 autcmjustitia
408 2072 575 2136 duplex
591 2106 603 2126 ,
625 2073 810 2119 adtualis
838 2092 1025 2138 nempe,
1049 2082 1094 2121 &
1113 2075 1372 2124 habitualis.
1410 2086 1524 2128 For-

63 2158 138 2186 ma
161 2138 266 2186 mali
284 2136 468 2184 moralis
484 2171 497 2189 ‚
521 2137 594 2183 seu
620 2141 796 2200 peccati
821 2137 1039 2184 collocari
1061 2138 1239 2184 soletin
1258 2147 1521 2203 priuatione

63 2203 194 2250 boni.
230 2204 410 2248 lustitiae
429 2203 569 2264 igitur
593 2201 774 2247 astualis
791 2205 990 2264 priuatio
1009 2203 1068 2248 est
1086 2202 1339 2251 formaliter
1363 2225 1523 2270 pecca-

64 2283 162 2314 tum
179 2266 352 2313 actuale
375 2285 389 2318 ,·
413 2266 589 2326 justitiae
608 2266 718 2311 vero
742 2264 988 2311 habitualis
1010 2270 1210 2329 priuatio
1230 2271 1289 2314 est
1306 2270 1521 2318 formali-

64 2346 135 2377 ter
159 2331 329 2377 malum
355 2329 429 2376 seu
453 2346 693 2393 peccatum
722 2328 971 2375 habituale.
1007 2334 1180 2377 Nonne
1206 2345 1220 2377 ?
1254 2332 1375 2380 Cum
1406 2353 1519 2400 ergo

63 2394 252 2440 actualis
267 2393 460 2440 violatio
474 2393 588 2458 legis
602 2391 859 2439 formaliter
871 2396 1320 2459 opponaturjustitiae
1338 2401 1517 2453 actuali,

65 2457 156 2503 hoc
187 2460 246 2503 est
264 2490 277 2509 ‚
306 2457 620 2504 inobedientia
646 2456 952 2510 obedientiae,
981 2457 1152 2505 necesse
1179 2461 1240 2505 est
1260 2477 1308 2506 vt
1332 2464 1517 2510 actualis

63 2521 259 2588 yiolatio
275 2518 386 2585 legis
399 2519 721 2588 fitformaliter
737 2520 922 2589 astiialis
939 2525 1139 2590 priuatio
1150 2524 1398 2586 justitiae,&
1416 2527 1518 2591 csun

509 2585 629 2592 'W‘
1115 2588 1208 2663 ,ff
