2018 2844
1144 127 1208 182 52

448 190 615 248 modo
647 188 683 246 s1
718 189 821 245 hoc
842 185 1126 263 Apostolus
1151 182 1321 242 voluit
1344 226 1361 254 ,
1384 183 1638 242 Caluinus
1662 226 1678 252 ,
1707 187 1953 264 Martyg·

454 274 508 325 δε
527 266 593 323 ali
600 271 617 338 j
634 272 688 321 in
709 266 810 322 suis
838 267 1226 320 commentariis
1253 301 1270 329 2
1294 264 1399 316 eius
1426 278 1659 317 mentem
1691 268 1743 318 &
1769 269 1927 322 verba
2016 270 2018 272 ’

449 342 804 418 exposuerunt
825 384 841 410 ,
869 341 1012 396 nulla
1030 382 1046 408 ,
1066 358 1230 414 neque
1252 341 1617 413 imputationis
1633 345 1826 411 peceati
1850 343 1926 399 A-

450 420 625 488 darni,
648 437 813 491 neque
834 416 1091 472 eiusmodi
1111 417 1610 492 argumentationis,
1636 413 1772 471 faCta
1786 437 1930 476 men.

450 498 633 554 tione?
678 496 823 572 Qid
844 534 868 564 ,-
900 495 1043 566 quod
1070 494 1203 548 istud
1226 494 1587 567 argumentum
1612 533 1629 560 ,
1660 493 1795 548 adeo
1816 511 1928 552 non

450 570 718 627 refflffime
746 578 797 627 &
823 567 1196 626 euidentissime
1217 568 1480 623 concludit
1501 608 1518 634 ,
1540 583 1598 622 vt
1626 571 1786 624 etiam
1811 569 1929 645 pos-
2012 632 2014 636 .

451 645 512 700 fit
533 652 839 719 retorqueri.
878 648 1025 702 Nam
1045 666 1152 718 quae
1173 647 1244 700 est
1259 642 1622 716 consequentia
1637 684 1653 710 ‚
1690 644 1928 704 Adamus

455 726 510 776 δε
532 723 767 779 Christus
789 722 906 778 sunt
924 725 1091 795 capita
1109 724 1307 795 generis
1334 720 1547 774 humani
1568 723 1624 773 in
1649 727 1926 778 contrariis

450 796 663 853 effectis,
723 801 864 873 Ergo
895 802 1154 853 contraria
1183 798 1284 862 ista’¹
1314 795 1496 852 effeeta
1540 796 1604 850 ab
1643 799 1705 850 iis
1733 798 1925 854 eodem

450 873 657 946 prorsus
679 876 842 928 modo
873 873 1200 947 procedunt?
1245 872 1446 928 Annon
1477 876 1648 945 potius
1679 877 1925 947 sequitur,

387 958 389 961 ’
449 953 708 1005 contraria
733 970 850 1004 cum
866 950 963 1004 fint
983 946 1195 1016 effeota',
1209 948 1296 1003 illa
1311 949 1373 1002 ab
1389 952 1451 1002 iis
1475 952 1738 1004 contrario
1756 953 1926 1006 modo

448 1027 766 1097 procedere?
798 1028 854 1080 id
871 1027 1011 1100 quod
1037 1030 1196 1079 etiam
1222 1029 1323 1078 resi
1333 1020 1417 1097 psa
1438 1021 1726 1077 confirmat.
1776 1025 1925 1083 Nam

448 1101 513 1154 ab
532 1101 745 1157 Adamo
758 1101 1012 1156 nascimur
1030 1116 1316 1175 peccatores
1336 1098 1653 1167 naturaliter,
1670 1119 1697 1153 a
1710 1102 1924 1157 Christo

447 1174 726 1233 fimusiusti
743 1177 1191 1250 supernaturaliter
1209 1217 1224 1242 2
1246 1178 1309 1230 ab
1326 1175 1417 1229 illo
1433 1195 1492 1230 ex
1506 1177 1693 1232 iustitia
1708 1218 1723 1244 2
1744 1178 1924 1233 abhoc

447 1270 512 1306 ex
529 1257 694 1327 gratia
710 1295 724 1321 ‚
756 1256 819 1308 ab
835 1255 927 1308 illo
948 1254 1048 1309 fine
1060 1252 1246 1308 actuali
1262 1253 1435 1306 nostro
1450 1249 1697 1305 consensu
1713 1293 1728 1319 2
1741 1254 1805 1308 ab
1820 1253 1924 1310 hoc

445 1345 535 1400 per
547 1330 802 1384 actualem
824 1330 1056 1384 nostrum
1078 1325 1386 1382 consensum
1401 1367 1416 1392 ,
1445 1327 1614 1380 abillo
1628 1347 1714 1401 per
1730 1348 1920 1402 propa-

443 1406 716 1475 gationem
739 1405 1026 1461 naturalem
1051 1444 1066 1470 ,
1095 1402 1119 1479 (
1146 1404 1199 1457 id
1215 1407 1353 1456 enim
1374 1422 1437 1456 ex
1465 1421 1570 1476 quo
1586 1419 1707 1456 nata
1731 1407 1802 1461 est
1825 1406 1927 1459 hae·

444 1478 559 1532 refis
594 1480 874 1554 pelagiana
916 1483 1167 1553 perpetuo
1209 1479 1274 1533 ab
1316 1479 1627 1533 orthodoxis
1668 1480 1925 1537 creditum

380 1569 383 1572 ⁴
444 1550 606 1629 fuit.)
631 1557 694 1610 ab
718 1559 817 1611 hoc
843 1557 987 1611 nullo
1010 1555 1175 1609 modo
1202 1573 1293 1627 per
1317 1551 1572 1609 eiusmodi
1592 1559 1927 1630 propagatio-

441 1648 580 1686 nem.
607 1635 768 1687 Mitto
793 1647 967 1687 caetera
986 1629 1281 1684 discrimina
1298 1668 1314 1694 ³
1336 1649 1559 1702 quorum
1579 1630 1812 1701 quaedam
1827 1673 1844 1699 ,
1864 1647 1924 1689 vt

441 1706 589 1771 dixi,
613 1705 720 1780 ipse
742 1706 1028 1780 Apostolus
1055 1703 1346 1759 Obseruauit
1362 1745 1378 1771 ,
1414 1705 1647 1775 quaedam
1668 1706 1923 1763 Caluinus

442 1780 510 1833 ad
538 1782 732 1856 Ws·17·
757 1787 849 1850 iis⁵
874 1801 982 1854 quae
1007 1779 1290 1854 Apostolus
1320 1780 1711 1847 obseruauerat‚
1741 1781 1925 1852 adjun-

445 1858 542 1911 xit.
609 1858 711 1912 Sed
741 1855 820 1912 fac
839 1872 1211 1932 argumentum
1231 1854 1362 1909 illud
1398 1858 1469 1913 D.
1487 1859 1610 1911 Gar.
1631 1856 1766 1911 redte
1798 1876 1922 1915 con.

440 1932 644 1988 cludere
662 1974 678 2002 ,
691 1934 939 1988 concedet
953 1933 1163 1989 Placeus
1179 1947 1273 1986 nos
1285 1942 1464 1985 omnes
1481 1912 1725 1988 Adamici
1742 1951 1921 2005 pecca-

440 2012 483 2061 ti
513 2012 865 2083 imputatione
888 2007 1234 2082 consequente
1257 2004 1338 2063 seu
1361 2007 1590 2063 mediata
1623 2004 1721 2063 esse
1746 2026 1931 2081 pecca-⁴

437 2094 580 2140 'tores
607 2090 660 2141 &
683 2104 799 2141 reos
821 2129 837 2156 ‚
872 2086 1086 2159 negabit
1122 2083 1456 2138 antecedente
1480 2081 1564 2138 seu
1593 2083 1918 2141 immediata.

445 2162 590 2236 Qd
618 2161 822 2217 facilius
849 2160 1010 2234 quam
1035 2165 1110 2215 ita
1129 2157 1471 2234 respondere?
1916 2152 1922 2160 ⁴

497 2236 603 2292 Hic
626 2242 697 2294 D.
725 2243 790 2295 G.
812 2238 1051 2294 Laudato
1071 2237 1190 2291 loco
1208 2254 1272 2292 ex
1290 2237 1433 2294 Clar.
1449 2234 1725 2310 Amyraldi
1745 2235 1831 2292 lib.
1850 2237 1916 2294 de

437 2311 607 2367 lustif.
632 2318 687 2368 in
711 2315 899 2370 Miller.
923 2333 965 2368 c.
986 2335 1028 2387 3.
1048 2333 1111 2368 ex
1133 2331 1199 2366 eo
1220 2311 1284 2366 fic
1298 2312 1518 2384 colligit·
1537 2313 1708 2379 Audis,
1729 2316 1921 2386 inquit,

434 2409 497 2443 ex
512 2388 823 2446 inobedientia
850 2388 1308 2464 Adami2quaefuerit
1318 2393 1460 2456 vnicn
1473 2392 1617 2451 adio,
1640 2395 1692 2444 in
1718 2409 1798 2442 nos
1823 2390 1927 2465 des}

436 2466 700 2518 candentem
715 2468 1137 2529 condemnationem
1153 2506 1169 2533 ,
1183 2482 1276 2536 quae
1294 2465 1461 2541 nonsit
1476 2467 1663 2538 aliquid
1677 2463 1920 2531 inhaerens,

417 2542 515 2612 fid
528 2539 746 2619 obligatio
766 2543 1024 2621 adpoenam
1049 2540 1074 2619 (
1100 2540 1371 2620 addiderat
1387 2541 1472 2620 ql.
1497 2540 1684 2621 Qinyr.
1710 2541 1926 2608 veleblif

1696 2633 1915 2698 gmmlf
