2018 2844
465 103 567 167 236
720 132 723 134 -
842 94 1016 148 MAN·
1062 95 1252 147 POST·
1297 95 1457 150 CAP-
1502 96 1610 154 VI.

463 171 634 221 dccci-e,
650 184 728 216 nec
745 167 831 214 eius
844 168 979 212 vllum
993 165 1114 212 fuiffe
1138 165 1417 221 beneficium,
1431 184 1586 216 contra
1606 185 1686 216 nos
1711 168 1724 223 3
1747 186 1837 216 non
1859 186 1942 234 pro
2004 179 2007 182 ’

463 234 594 282 nobis
624 233 847 279 constituti
874 251 884 279 z
922 236 964 277 δι
1002 236 1202 292 quamuis
1237 234 1326 280 eius
1353 232 1601 285 beneficio,
1631 235 1659 278 fi
1689 234 1815 296 quod
1831 250 1946 287 erat&
1991 281 2013 292 h,

464 295 662 350 excufl'us
681 295 821 343 fuiflet
851 294 1043 340 Adamus
1069 325 1082 347 ,
1108 309 1253 341 tamen
1277 296 1536 343 reinanfisset
1552 301 1617 343 vis
1644 298 1943 362 obligandiad
2006 299 2013 329 ἶ

464 363 780 412 obedientiam,
794 364 838 404 &
852 357 882 404 si
898 359 1042 405 cirinus
1060 375 1107 404 ea
1127 359 1471 420 praestaretur,ad
1486 362 1732 424 augendam
1749 378 1941 423 poenam.

462 427 649 487 Alioqui
667 423 792 485 quod
819 422 900 468 fuit
926 423 1036 469 illud
1053 422 1235 473 foedus?
1262 424 1378 472 idem
1401 442 1497 471 cum
1514 424 1683 472 foedere
1712 426 1838 487 quod
1856 441 1940 473 vo·-
2004 422 2011 482 'j

466 504 728 541 cantnaturae
750 520 763 540 ‚
794 504 852 533 an
870 486 924 532 ab
941 503 994 532 eo
1017 488 1232 534 diuersum
1251 497 1271 537 ,ἓ
1305 494 1349 536 Si
1366 490 1506 541 idem,
1536 489 1690 535 mansit
1719 489 1942 552 obligatus

466 554 734 602 Adanwsad
746 551 1083 613 obsequendum
1097 552 1186 614 legi
1201 551 1379 599 foederis
1393 570 1552 600 naturae
1566 584 1579 606 ‚
1599 554 1779 616 eiusque
1795 555 1944 599 omnia
2015 554 2018 569 “

468 620 649 680 peccata
666 616 848 663 foederis
876 616 987 662 illius
1003 618 1261 663 violationes
1287 616 1462 663 fuerunt
1481 635 1582 666 :cur
1609 635 1718 680 ergo
1741 619 1872 662 etiam
1887 616 1939 661 il·

466 684 547 728 lius
563 680 742 727 foederis
766 680 978 726 relatione
1002 695 1134 742 caput
1148 685 1319 744 generis
1339 698 1425 727 non
1458 681 1721 745 permansit?
1746 681 1948 728 Sidiuer·
2005 676 2013 702 ⁷

467 746 562 793 surn
578 776 591 798 ‚
619 752 708 791 duo
723 747 853 810 igitur
872 760 970 790 cum
986 744 1163 790 Adamo
1179 778 1193 798 ,
1217 761 1351 806 atque
1364 761 1523 809 genere
1546 746 1736 792 humano
1765 759 1943 791 contra·

468 810 543 859 &a
568 809 665 857 sunt
690 807 883 861 foedera,
907 824 1038 855 vnum
1058 824 1243 864 naturae,
1268 811 1453 856 alterurn
1480 810 1716 872 quoinodo
1743 809 1946 874 appella-

466 876 585 922 bitur
603 908 614 927 .
631 877 816 938 (gratiae
838 877 952 919 enim
969 873 1087 919 certe
1101 873 1280 935 quidem
1299 890 1388 919 non
1411 874 1527 938 fuit)
1543 883 1584 922 &
1602 891 1677 920 cur
1704 875 1826 920 huius
1841 876 1944 919 vio·
2004 891 2013 901 ·=

467 940 576 986 latio
591 939 738 1000 potitis
752 941 994 1001 imputetur
1008 941 1095 983 toti
1114 942 1264 1001 generi
1278 937 1469 984 humano
1481 970 1493 990 ‚
1510 941 1649 1002 quam
1661 939 1775 983 illius
1789 971 1799 989 ‚
1817 936 1946 998 quod

467 1003 569 1050 cum
588 1002 637 1050 fit
651 1017 813 1048 naturae
833 1032 846 1051 ,
878 1001 932 1046 ad
955 1015 1150 1047 naturam
1166 1003 1390 1047 hominurn
1411 1017 1550 1049 totam
1570 1004 1758 1065 pertinet
1772 1009 1793 1050 ἓ
1814 999 1944 1048 Adde
1997 1017 2002 1042 2

469 1068 598 1130 quod
614 1084 703 1113 non
720 1065 923 1128 intelligo
942 1095 955 1117 ,
981 1079 1114 1125 quare
1130 1066 1171 1110 id
1190 1066 1339 1110 foedus
1356 1064 1585 1113 hominum
1613 1081 1747 1128 caput
1773 1063 1942 1112 consti·
1997 1091 2001 1119 1

465 1135 600 1178 tuerit
615 1130 855 1181 Adamum,
869 1128 993 1190 quod
1010 1128 1083 1174 diu
1098 1128 1181 1175 effe
1197 1128 1575 1192 defiit,antequam
1593 1130 1785 1176 Adamus
1799 1144 1942 1193 quen·
2008 1160 2011 1185 5

466 1211 604 1258 quam
621 1198 819 1259 gigneret
839 1200 858 1242 ?
884 1196 986 1242 Nec
1003 1194 1236 1255 quomodo
1251 1193 1448 1242 Adimus
1463 1195 1628 1241 dicatur
1653 1210 1784 1256 caput
1809 1208 1947 1258 gene-

469 1263 526 1308 ris
539 1259 720 1305 humani
742 1259 957 1306 relatione
981 1258 1034 1302 ad
1051 1258 1094 1304 id
1107 1257 1282 1310 foedus,
1311 1258 1386 1304 sub
1408 1274 1503 1321 quo
1530 1265 1621 1306 eius
1652 1259 1812 1321 posteri
1835 1273 1946 1305 nun·
2008 1313 2015 1318 „

467 1339 605 1387 quam
628 1322 803 1369 fuerunt
825 1329 844 1370 ?
883 1321 1023 1368 Certe
1043 1338 1173 1385 caput
1201 1339 1289 1368 non
1308 1321 1391 1367 fuit
1421 1324 1697 1385 posterorum
1719 1354 1734 1376 ‚
1760 1322 1791 1369 fi
1821 1338 1945 1370 ante-

468 1404 605 1451 quam
634 1387 707 1433 vlli
740 1385 901 1432 fuerint
929 1388 1020 1431 eius
1036 1385 1225 1448 posteri,
1253 1384 1378 1432 defiit
1402 1386 1486 1433 effe
1508 1403 1666 1433 eorum
1690 1402 1946 1448 caputtnec

472 1455 636 1514 opinor
653 1484 666 1505 ,
685 1450 844 1496 dicitur
860 1464 989 1513 caput
1004 1451 1214 1496 relatione
1236 1449 1444 1504 foederis,
1466 1450 1537 1498 sed
1568 1453 1712 1512 potius
1733 1452 1948 1498 ielatione
2003 1485 2016 1495 .

467 1515 524 1563 ad
543 1515 741 1580 posteros
754 1512 934 1561 fundata
952 1519 996 1561 in
1012 1519 1307 1578 generatione.
1343 1517 1410 1562 Ita
1430 1532 1519 1562 non
1535 1514 1679 1562 fuisset
1695 1531 1827 1578 caput
1840 1549 1853 1571 ,
1869 1515 1949 1563 nisi
1968 1520 1972 1523 ’
1998 1514 2003 1521 ⁴

470 1596 566 1642 quo
586 1596 815 1627 momento
837 1586 1055 1642 peccauit,
1089 1579 1244 1626 hoc-est
1260 1610 1274 1632 ,
1303 1597 1394 1627 non
1414 1579 1555 1626 fuisset
1568 1595 1696 1643 caput
1712 1579 1789 1627 nifi
1803 1597 1946 1643 quan·
2013 1637 2018 1641 Α

471 1645 530 1691 do
552 1647 577 1704 ij
600 1644 797 1690 nondum
810 1642 986 1690 fuerunt
1000 1659 1195 1706 quorum
1220 1644 1434 1691 diceretur
1463 1661 1618 1706 caput,
1645 1645 1829 1704 quando
1854 1646 1950 1690 fue-i
2008 1660 2011 1661 ⁷

470 1724 572 1755 runt
587 1725 675 1754 non
691 1705 833 1753 fuisset
858 1709 1046 1770 amplius
1070 1721 1223 1753 eorum
1254 1723 1413 1771 caput,
1439 1708 1564 1770 quod
1589 1723 1844 1771 concoquat
1868 1711 1966 1771 qui*
2011 1764 2018 1772 ·

428 1804 432 1805 ν
464 1771 641 1836 potest,
673 1788 762 1836 ego
778 1770 893 1817 certe
913 1785 1197 1833 concoquere
1208 1788 1299 1818 non
1316 1771 1506 1835 possum·

531 1882 576 1927 G
600 1880 714 1925 AR.
764 1877 1162 1947 Qaeriturqnartb.
1215 1882 1312 1928 Cur
1337 1878 1507 1934 afiuale
1525 1893 1752 1942 peccatum
1783 1878 1947 1928 Adami
1970 1913 1972 1917 ψ

472 1959 684 2006 tanquam
707 1959 863 2005 capitis
879 1949 1116 2007 imputetur
1132 1974 1146 1996 ,
1170 1959 1268 2005 quae
1287 1959 1433 1990 tamen
1461 1941 1542 1990 fuit
1564 1943 1684 1991 aestio
1710 1942 1947 2000 tranfien33

470 2014 515 2055 &
543 2025 633 2054 non
658 2011 900 2070 imputetur
923 2009 1167 2063 habituale,
1191 2008 1280 2054 siue
1318 2013 1544 2067 corruptio
1571 2008 1682 2056 Adae
1705 2038 1717 2058 ‚
1743 2023 1841 2063 quae
1866 2007 1949 2054 fuit

468 2075 621 2117 vitium
650 2083 938 2135 permanens?
973 2072 1111 2132 Refp.
1170 2090 1203 2119 1*-
1227 2079 1324 2120 Hoc
1343 2072 1395 2120 ab
1408 2073 1593 2136 Apostolo
1606 2072 1850 2136 petendum.
1876 2078 1949 2135 qui

468 2143 510 2183 in
525 2138 596 2184 hoc
605 2143 758 2202 negotio
770 2139 928 2200 lapsum
945 2143 996 2190 &r
1008 2135 1326 2184 inobedientiam
1336 2139 1548 2186 astualem
1554 2142 1738 2201 proponit
1750 2170 1760 2187 ,
1780 2155 1858 2180 non
1868 2154 1948 2182 au-

465 2217 548 2248 tem
579 2207 764 2265 proponit
791 2200 984 2250 habitum
1010 2205 1285 2267 'corruptiomis
1323 2221 1379 2249 ex
1406 2201 1479 2249 illa
1506 2201 1776 2249 inobedientia
1814 2202 1945 2262 consta

464 2281 674 2327 qnentem.

530 2332 562 2376 Ρ
579 2333 612 2376 L
633 2337 673 2376 A
690 2332 750 2378 C.
790 2333 888 2380 Cur
902 2331 957 2378 ab
980 2329 1198 2395 Apostolo
1216 2332 1259 2378 id
1278 2346 1468 2393 peterem
1484 2363 1496 2384 ,
1521 2333 1599 2391 qui
1616 2330 1733 2376 illam
1754 2333 1949 2392 imputa-'

464 2395 633 2440 tionem
652 2410 786 2456 quam
802 2400 1020 2459 impugno
1032 2413 1122 2442 non
1141 2395 1503 2445 docuit?Deinde
1520 2394 1548 2440 si
1564 2395 1731 2440 nullum
1746 2393 1951 2457 Aposto-

463 2456 529 2505 lus
543 2462 755 2520 proponit
773 2460 968 2506 habitum
983 2464 1279 2523 corruptionis
1301 2476 1356 2506 ex
1370 2460 1444 2506 illa
1468 2458 1767 2506 inobedientia
1791 2457 1945 2504 conse-

460 2536 668 2586 quentem
681 2556 693 2576 2
709 2540 798 2586 non
811 2523 957 2589 potest
976 2540 1032 2589 eit
1047 2523 1275 2591 Apostolo
1292 2522 1470 2590 Pighius
1484 2523 1650 2590 refelli,
1674 2538 1752 2634 neg
1771 2521 1952 2636 {rohas-i

1117 2620 1119 2622 v
1750 2605 1772 2635 a
1807 2603 1893 2636 itua
1917 2599 1950 2632 is
