2018 2844
455 210 605 276 ptum
628 198 687 256 fit
708 199 762 255 id
785 197 929 273 quod
946 203 1073 255 citat
1096 202 1150 256 &
1173 198 1364 256 refutat
1391 218 1404 252 t
1447 216 1557 274 quae
1577 200 1653 257 res
1674 201 1805 258 mihi
1826 222 1936 262 ma-

456 275 780 352 nuscriptum
794 276 1042 350 posterIus
1072 275 1098 353 (
1116 277 1248 331 illud
1263 281 1407 332 enim
1424 280 1561 349 prius
1575 317 1592 344 ,
1615 292 1669 332 vt
1689 279 1937 346 dixi-,nec

456 352 624 409 habeo
641 396 658 422 ,
689 370 783 407 nec
795 352 930 407 vnde
948 352 1137 419 ,habere
1159 351 1342 427 poffim
1366 350 1508 427 scio)
1542 371 1657 408 cum
1674 357 1780 410 eius
1800 356 1936 414 tefu-

454 433 657 507 tatione
678 427 991 497 conferenti5
1004 429 1288 503 plurimum
1306 430 1449 484 dedit
1464 434 1642 503 negoti
1647 433 1684 499 j.
1838 436 1843 439 ’
1932 442 1934 445 ’

532 508 803 582 Qoniam
828 519 1001 560 autem
1035 509 1091 560 in
1123 524 1189 559 eo
1222 503 1571 579 manuscripto
1596 507 1807 564 Placeus
1832 510 1934 579 pti-

457 579 606 636 mum
629 583 813 636 statum
837 583 1126 653 quaestionis
1151 583 1484 638 constituerat
1513 600 1760 655 perquam
1789 601 1933 638 accu-
1980 637 1988 642 .

436 656 580 719 rate‘,
604 656 788 711 deinde
804 673 1108 730 argumenta
1128 660 1239 711 eius
1260 677 1355 731 pro
1378 661 1727 731 imputatione
1749 662 1934 714 imme-

452 732 594 786 diata
625 735 822 807 peccati
841 732 1084 788 Adamici
1101 735 1309 805 quicum
1330 731 1642 808 disputabat,
1660 732 1690 788 a
1705 736 1812 789 Scri
1819 749 1934 808 ptu-

447 823 526 875 ra,
542 806 570 862 ἐι
584 813 807 876 ratione,
825 806 1083 864 &patrum
1109 813 1162 863 &
1184 806 1613 865 Reformatorum
1626 811 1935 883 testimonijs

450 882 605 939 duCta
628 881 944 953 dissoluerat,
962 882 1204 959 suamque
1228 883 1612 958 responsionem
1632 890 1737 942 vari
1742 889 1787 956 js
1808 903 1934 943 con-

398 1028 401 1031 &
448 973 530 1013 tra
555 959 698 1015 illam
720 964 1125 1034 imputationem
1141 1002 1157 1028 ,
1187 975 1244 1019 vt
1258 959 1453 1015 ferebat
1478 960 1694 1028 occafi0,
1715 963 1932 1016 rationi-

448 1032 544 1089 bus
563 1035 927 1112 consperserat,
941 1039 1228 1111 exagitauit
1251 1039 1319 1092 D.
1336 1034 1641 1094 Gariffolius
1656 1036 1932 1093 vehemen-

363 1106 367 1109 ’
447 1122 528 1167 ter
549 1111 698 1170 illam
730 1113 887 1167 status
908 1115 1199 1186 quaestionis
1220 1113 1650 1167 constitutionem
1672 1128 1825 1187 atque
1843 1132 1933 1170 ex-

445 1186 783 1260 positionem,
800 1207 962 1263 eaque
979 1188 1214 1265 negletsta
1227 1186 1535 1245 sententiam
1551 1187 1757 1257 Place0,
1774 1208 1933 1263 quam

444 1278 556 1317 non
586 1263 840 1340 agnoscit,
867 1266 1055 1338 vbique
1081 1264 1350 1332 attribuit,
1375 1282 1593 1337 eamque
1614 1269 1932 1339 argumentis

447 1339 523 1392 ita
540 1347 868 1416 oppugnauit
890 1382 907 1408 ,
944 1356 1002 1399 vt
1029 1339 1211 1414 paffim.
1237 1340 1433 1413 aliquas
1466 1339 1545 1396 vel
1577 1338 1932 1413 responsiones

444 1415 529 1469 vel
548 1419 773 1472 rationes
796 1418 964 1473 Placei
987 1417 1255 1471 inseruerit
1277 1458 1294 1484 ,
1343 1420 1394 1470 &
1417 1415 1649 1470 refellere
1668 1417 1928 1473 studuerit.

442 1488 775 1565 Argumenta
798 1508 974 1548 autem
1002 1493 1142 1546 illius
1162 1532 1179 1558 ,
1217 1496 1296 1545 cui
1316 1492 1527 1546 Placeus
1557 1489 1929 1565 respondebat,

443 1584 605 1638 quam
625 1572 737 1624 vim
750 1568 995 1634 habeant,
1012 1586 1121 1622 non
1143 1567 1355 1622 aliunde
1377 1567 1561 1622 melius
1578 1567 1823 1643 cognosci
1838 1588 1933 1644 po-

440 1642 538 1696 test
551 1643 712 1716 quum
726 1664 790 1699 ex
803 1641 1154 1716 manuscripto
1178 1642 1271 1695 illo
1294 1645 1600 1716 posteriore,
1619 1646 1791 1717 inquo
1815 1646 1932 1700 dili-

441 1734 624 1789 genter
649 1725 702 1775 &
725 1718 925 1775 summa
945 1737 1064 1776 curn
1086 1716 1188 1774 fide
1215 1718 1281 1772 ad
1309 1720 1528 1772 rationis
1557 1737 1779 1773 examen
1810 1718 1930 1776 sunt

438 1810 713 1849 reuocata..
758 1795 1086 1869 Argumenta
1114 1794 1236 1851 vero
1259 1795 1328 1850 D.
1355 1798 1479 1849 Gar.
1502 1794 1584 1851 vel
1603 1794 1786 1868 eadem
1810 1792 1931 1852 sunt

438 1886 559 1926 cum
570 1871 689 1939 illis,
704 1871 786 1926 vel
805 1914 821 1940 ,
847 1872 883 1927 si
903 1873 968 1926 ab
990 1870 1092 1925 illis
1110 1870 1287 1943 aliquo
1308 1870 1473 1925 modo
1492 1869 1744 1926 >differunt
1761 1872 1930 1927 verbis

439 1947 495 2000 δε
513 1946 676 2001 modo
694 1946 1050 2021 proponendi,
1071 1945 1212 2000 idem
1226 1961 1404 2001 tamen
1419 1944 1523 2000 fere
1540 1947 1610 2001 est
1631 1947 1856 2021 ponduS,
1869 1963 1929 2003 vt

434 2021 526 2076 vix
543 2021 573 2077 ὲ
599 2019 942 2096 Manuscripti
959 2022 1093 2076 illius
1110 2020 1376 2077 cumlibro
1406 2025 1476 2077 D.
1494 2026 1617 2078 Gar.
1643 2021 1930 2080 collatione

438 2102 495 2154 &
516 2102 856 2153 contentione
877 2101 1042 2152 eximi
1065 2095 1267 2171 posfint.
1290 2098 1534 2152 Eximam
1550 2110 1728 2152 tamen
1753 2100 1928 2171 quoad

434 2191 649 2249 potero,
677 2179 728 2229 δε
750 2174 926 2228 hocin
951 2173 1068 2227 loco
1095 2175 1278 2230 leaori
1301 2191 1420 2227 meo
1441 2172 1639 2235 sistam,
1676 2186 1734 2229 vt
1750 2176 1928 2232 videat

433 2269 493 2304 ea
512 2250 645 2306 nihil
663 2249 1061 2305 antecedentem
1082 2250 1496 2322 imputationem
1512 2251 1707 2303 iuuare.

509 2326 608 2379 llle
628 2330 789 2400 igitur
810 2325 1122 2387 constitute,
1150 2342 1260 2378 non
1293 2338 1349 2379 vt
1383 2323 1554 2379 voluit
1577 2325 1817 2389 Placeas,
1840 2324 1928 2382 sed

433 2414 492 2458 vt
512 2397 619 2474 ipse
641 2417 823 2455 contra
844 2400 997 2456 verba
1020 2403 1074 2456 &
1103 2414 1335 2454 mentem
1368 2397 1539 2454 Placei
1561 2401 1730 2456 voluit
1748 2441 1765 2469 ,
1797 2402 1929 2459 statu

431 2476 721 2550 quaestionis
764 2475 954 2549 absque
1004 2474 1110 2528 vlla
1161 2477 1523 2548 imputationis
1567 2476 1893 2533 distinetione
1906 2518 1925 2545 ,

433 2554 687 2629 quoniam
719 2547 838 2607 satis
874 2550 1202 2629 intelligebat
1225 2592 1242 2622 ,
1280 2553 1688 2628 imputationem
1724 2567 1929 2622 antece-v
