2018 2844
447 175 546 227 eius
557 186 736 227 reatum
752 167 1254 247 &paenamstcstmena
1317 165 1627 240 Respondeo
1645 209 1661 237 ‚
1691 165 1803 226 fieri
1820 172 1935 246 quid

450 250 572 304 dem
605 260 712 304 non
747 246 922 322 posse,
957 249 1081 317 quin
1107 245 1209 299 illis
1239 248 1527 319 imputetur
1555 244 1749 301 Adami
1771 248 1933 305 transt
1958 272 1963 273 ⁷
1999 249 2004 250 ⁷

451 323 634 401 greffio
652 367 668 394 ‚
706 328 794 397 qui
818 328 1086 378 incurrunt
1103 339 1315 398 poenam
1342 321 1419 376 illi
1445 319 1825 397 transgressioni
1848 325 1935 380 de-

449 405 782 467 nunciatam3
808 397 895 470 sed
915 414 1092 454 manet
1121 398 1549 472 integratquaestio
1567 439 1583 466 ,
1616 414 1791 454 vtrum
1813 419 1934 460 eam

450 477 759 532 immediate
781 519 799 547 ,
839 494 898 531 ac
931 475 1120 531 ordine
1144 474 1358 530 Naturae
1384 472 1683 548 priusquam
1705 489 1933 532 corrum-

450 548 669 626 pantur,
690 557 955 608 incurrant
971 592 987 618 ,
1013 570 1078 605 an
1102 553 1226 608 vero
1251 550 1460 605 tantum
1484 548 1854 624 consequenter
1879 558 1935 610 ὃς

452 629 716 683 mediante
740 630 827 684 illa
848 631 1226 699 corruptione?
1256 630 1404 682 Prius
1425 645 1563 699 nego
1581 667 1598 694 ,
1628 647 1720 691 nec
1743 630 1935 701 probat

449 706 521 760 D.
547 706 787 761 Maresius
805 746 820 771 2
843 707 1090 776 posterius
1112 701 1329 759 affirmo.
1391 701 1478 758 Ad
1495 703 1764 759 Christum
1785 706 1933 776 quod
1953 771 1957 775 .

448 778 646 853 speetat
663 822 678 847 ‚
696 785 764 834 im
774 777 1091 853 putataxsunt
1113 780 1189 832 ini
1214 794 1421 853 peccata
1443 779 1612 832 nostra
1636 819 1651 846 ,
1688 799 1798 834 non
1815 795 1931 836 tan-

443 874 603 927 quam
626 861 796 912 autori
820 899 835 924 ‚
865 854 950 910 sed
975 871 1227 929 tanquam
1251 853 1667 910 innocentissimo
1693 873 1930 928 peccato-

446 948 565 986 rum
599 933 720 989 vadi
753 953 763 985 :
808 936 982 1005 itaque
1012 941 1283 1006 propterea
1309 946 1548 1002 peccator
1569 932 1669 984 dici
1703 951 1811 986 non
1838 952 1932 1006 po⁴

446 1011 562 1062 tuit.
610 1009 782 1063 Nobis
800 1025 974 1064 autem
997 1024 1270 1080 peccatum
1291 1008 1483 1062 Adami
1507 1010 1935 1079 imputatur,non

444 1099 698 1158 tanquam
723 1086 862 1140 iilius
891 1084 1109 1141 Vadibus
1128 1125 1143 1150 2
1173 1082 1259 1137 sed
1289 1100 1540 1155 tanquam
1574 1081 1711 1135 illius
1738 1089 1933 1139 autori-

443 1158 536 1213 bus
551 1202 565 1227 ,
588 1179 647 1214 ac
666 1162 783 1216 vere}
808 1161 1180 1234 peccatoribus.
1242 1160 1425 1234 Itaque
1443 1156 1726 1231 plurimum
1744 1157 1933 1216 distant

441 1234 543 1290 illa:
574 1240 965 1310 imputationes.
1023 1236 1175 1292 Adde
1207 1237 1349 1307 quod
1376 1253 1486 1288 non
1522 1232 1638 1287 sunt
1669 1236 1929 1308 imputata

441 1327 649 1384 peccata
667 1314 836 1368 nostra
854 1313 1086 1379 Christo,
1104 1315 1455 1384 imputatione
1472 1310 1828 1379 antecedente,
1841 1310 1929 1369 sed

443 1387 791 1460 consequente
813 1388 1020 1442 tantum
1051 1391 1159 1459 ejus
1187 1384 1490 1441 consensum
1511 1424 1526 1450 ,
1564 1385 1665 1439 fine
1687 1405 1792 1459 quo
1817 1406 1930 1446 non

438 1462 723 1536 potuissent
742 1468 789 1517 ei
810 1467 1077 1537 imputari.
1117 1462 1368 1518 Similiter
1384 1459 1656 1516 discrimen
1676 1480 1930 1536 magnum
2002 1473 2005 1475 ’

440 1539 512 1592 est
535 1543 668 1594 inter
685 1541 898 1609 =iustitiae
920 1540 1117 1598 Christi
1143 1542 1195 1592 &
1221 1541 1415 1611 peccati
1440 1536 1683 1592 Adamici
1706 1542 1932 1614 imputa-

439 1617 662 1670 tionem.
725 1615 824 1668 lna
856 1619 1001 1672 enim
1038 1635 1103 1670 ex
1138 1617 1331 1687 gratia,
1363 1615 1463 1667 hoc
1478 1632 1541 1667 ex
1563 1615 1752 1668 iustitia
1775 1617 1929 1675 nobis

440 1692 766 1762 imputatur:
813 1695 865 1745 &
888 1706 1063 1745 tamen
1085 1689 1193 1763 ipsa
1215 1692 1417 1745 iustitiae
1436 1691 1718 1761 imputatio
1732 1710 1839 1745 non
1857 1696 1930 1751 est

439 1768 747 1821 immediata
770 1764 853 1820 seu
880 1767 1190 1822 antecedens
1207 1807 1224 1832 ,
1261 1764 1351 1819 sed
1369 1762 1676 1819 consensum
1700 1768 1932 1824 nostrum

443 1844 498 1896 δέ
517 1841 678 1899 fidem
701 1840 1060 1915 consequitur,
1086 1839 1272 1915 absque
1290 1860 1394 1914 quo
1416 1839 1557 1894 nulla
1580 1838 1721 1894 esset.
1785 1847 1927 1899 Tan.

437 1919 723 1975 tummodo
764 1920 836 1974 est
864 1919 1218 1973 memorabilis
1257 1915 1564 1972 differentia.
1628 1916 1774 1973 Nam
1798 1917 1927 1976 fides

438 2012 549 2049 non
564 1996 635 2049 est
650 1993 864 2061 iustitia,
884 2013 979 2048 nec
998 2011 1223 2049 meretur
1246 1995 1411 2049 vitam
1433 2008 1701 2060 aeternam,
1717 1993 1835 2048 cum
1852 2001 1929 2051 vi·
2004 2050 2008 2054 .

437 2073 576 2125 tium
602 2071 986 2126 haereditarium
1002 2070 1060 2126 sit
1071 2071 1189 2126 vere
1208 2087 1476 2144 peccatum
1498 2072 1679 2144 generi
1695 2069 1926 2129 humano

438 2145 741 2202 damnando
761 2144 1028 2203 sufficiens.
1055 2152 1059 2156 ’
1089 2149 1388 2215 Nimirum,
1406 2160 1466 2199 vt
1480 2146 1618 2212 dixi,
1638 2146 1926 2219 imputatio

439 2224 643 2278 iustitiae
665 2225 735 2281 est
758 2241 822 2277 ex
839 2226 1026 2298 gratia,
1043 2228 1237 2297 peccati
1252 2243 1316 2278 ex
1343 2225 1551 2279 merito,

523 2300 583 2354 ll
601 2301 642 2352 Ι.
680 2313 872 2373 vitque
894 2299 983 2354 haec
1000 2304 1272 2375 imputatio,
1305 2303 1477 2373 inquit
1492 2341 1509 2366 ,
1550 2318 1642 2354 non
1654 2300 1925 2374 nititursblo

433 2376 524 2429 Dei
544 2378 643 2427 iare
656 2381 707 2428 in
723 2392 972 2438 creaturas,
988 2396 1044 2429 ac
1054 2383 1272 2431 Dominio
1294 2377 1491 2452 abstluto
1516 2383 1537 2444 (
1548 2391 1609 2429 vt
1625 2378 1819 2449 quidam
1835 2398 1921 2431 vo-

433 2453 559 2515 lunt)
567 2451 663 2524 ſsd
676 2457 775 2505 eius
790 2455 969 2526 iustttia
985 2459 1251 2528 aequiss'z'ma,
1268 2476 1322 2508 ac
1340 2454 1483 2507 valde
1502 2456 1613 2526 iusto
1629 2453 1814 2507 tudicz'o.
1833 2456 1926 2507 Fa-

433 2540 551 2602 ςεφε
569 2566 588 2597 2
626 2526 1540 2612 fi19³1>an&talliatam-<zaim
1560 2550 1580 2606 ε
1609 2530 1928 2608 Qmediata

1764 2622 1931 2676 enlm,
