2018 2844
1127 123 1148 160 1
1161 122 1183 158 2
1197 123 1235 175 4

456 183 484 238 ἐ
506 185 664 258 [stad.
706 183 890 238 Fateo'r‘
905 177 1150 255 equidem
1163 200 1280 235 cum
1300 180 1805 257 propagatione‘vitij
1827 183 1943 238 ori—⁹
1970 182 1974 186 ’

455 262 640 335 giualis
659 262 1066 331 imputationem
1079 300 1094 326 ,
1119 258 1209 321 nisi
1229 261 1328 312 Dei
1349 258 1697 313 misericordia
1710 264 1928 315 interce-

457 339 548 390 dat
573 379 589 405 2
621 336 871 390 cohaerere
889 332 1018 408 ,ised
1038 354 1096 387 ea
1124 337 1404 407 imputatio
1427 332 1650 405 sequitur
1676 354 1928 409 propaga-

453 416 686 477 tionem,
712 430 819 463 non
838 411 1100 465 antecedit
1120 453 1136 479 2
1162 429 1254 464 nec
1277 412 1344 466 est
1365 410 1471 464 vllo
1491 411 1654 464 modo
1678 428 1929 485 propaga-

455 491 617 541 tionis
648 484 812 540 causa.
841 485 915 541 At
938 505 1126 559 ponere
1158 489 1566 559 imputationem
1593 526 1607 551 ,
1631 506 1730 559 qua
1754 505 1928 560 pecca-

376 566 379 567 ’
457 577 571 618 tum
595 563 788 618 actuale
816 563 1013 618 Adami
1034 564 1265 617 nostrum
1292 561 1408 629 fiat,
1431 581 1530 633 qua
1555 561 1737 615 fiamus
1757 582 1930 635 pecca-

456 653 596 692 tores
620 646 671 694 &
697 643 767 692 rei
791 642 973 692 mortis
991 654 1189 692 aeternae
1204 679 1219 705 ‚
1232 658 1340 709 quae
1358 637 1417 692 fit
1432 636 1580 690 causa
1596 643 1929 711 propagatim⁸

457 718 535 767 nis
551 717 822 787 peccati‚&
841 715 993 785 hujus
1015 717 1377 786 imputationis
1389 716 1592 775 vnicam
1609 711 1706 768 effe
1725 713 1931 772 causam

454 791 560 846 Dei
591 790 919 845 voluntatem
946 831 961 856 ‚
995 790 1121 860 quid
1145 790 1214 845 est
1237 787 1402 844 facete
1423 793 1599 844 Deum
1622 790 1929 862 perditionis

453 868 631 922 nostrae
659 883 898 920 autorem
916 908 931 932 ‚
959 865 992 919 fi
1010 868 1111 919 hoc
1136 885 1243 918 non
1263 867 1369 925 est?
1395 867 1495 920 Sed
1518 863 1726 920 fortaffe
1752 871 1929 942 exige-

452 941 545 995 bat
579 944 772 1011 justi-tia
797 984 812 1009 2
835 958 893 996 vt
914 945 1059 996 Deus
1086 941 1240 997 vellet
1265 944 1490 1013 primum
1515 940 1639 993 illud
1660 959 1930 1013 peccatum

451 1020 713 1091 imputare
741 1021 911 1091 potius
934 1019 1091 1089 quam
1117 1016 1216 1070 alia
1241 1032 1446 1088 peccata
1475 1025 1496 1074 ἒ
1529 1019 1641 1071 Cur
1661 1034 1786 1090 ergo
1803 1060 1818 1086 ,
1840 1023 1932 1074 'in-

453 1111 612 1164 quam
629 1134 643 1159 ,
665 1094 797 1164 hanc
819 1092 1021 1148 causam
1045 1112 1154 1145 non
1179 1091 1393 1150 attulit?
1426 1111 1513 1145 cur
1538 1093 1671 1146 dixit
1697 1093 1835 1148 illius
1856 1100 1930 1149 rei

450 1172 661 1222 vnicam
678 1165 776 1222 effe
802 1170 1004 1223 causam
1022 1208 1039 1235 ,
1059 1171 1164 1223 Dei
1182 1167 1549 1227 voluntatem?
1575 1168 1688 1223 Aut
1704 1188 1933 1240 quomo·

451 1243 523 1296 do
565 1246 865 1317 probabitur
905 1253 1036 1314 (nos
1061 1247 1202 1297 enim
1228 1262 1365 1297 nunc
1386 1244 1597 1315 quidem
1619 1242 1930 1314 responden-

451 1323 587 1373 tium
613 1337 779 1393 partes
801 1317 1041 1392 tuemur)
1072 1320 1124 1371 id
1141 1321 1385 1387 justitiam
1402 1316 1656 1391 exegisse?
1683 1321 1733 1373 Si
1748 1321 1931 1377 confu-

449 1398 560 1468 gias
576 1396 641 1449 ad
658 1401 1083 1466 conjunctionem
1101 1415 1207 1466 quae
1233 1395 1381 1447 nobis
1405 1411 1520 1447 cum
1540 1395 1750 1449 Adamo
1773 1400 1929 1452 inter-

453 1471 620 1538 cedit,
643 1491 712 1524 ea·
728 1491 789 1524 ne
812 1475 981 1541 major
1004 1468 1101 1523 fuit
1128 1470 1248 1522 cum
1272 1471 1498 1542 primum
1519 1487 1750 1542 peccaret
1770 1474 1930 1544 quarn

450 1549 621 1619 postea
638 1589 654 1614 2
677 1565 763 1601 aut
781 1567 901 1601 cum
917 1568 979 1600 eo
1003 1589 1018 1613 ,
1046 1545 1200 1617 quain
1224 1564 1342 1598 cum
1360 1550 1816 1619 propinquioribus
1834 1570 1929 1603 no-

453 1623 563 1676 stris
590 1627 919 1694 parentibus?
946 1626 998 1677 Si
1017 1624 1079 1674 ad
1099 1620 1269 1674 nescio
1286 1623 1550 1692 quoddam
1568 1622 1736 1676 foedus
1752 1666 1769 1691 2
1785 1629 1928 1694 cujus

452 1697 559 1750 haec
580 1697 731 1750 fuerit
757 1699 994 1750 conditio
1015 1739 1029 1763 ‚
1049 1712 1105 1751 vt
1119 1695 1150 1748 fi
1165 1712 1431 1767 peccaret,
1454 1701 1677 1768 primum
1694 1695 1802 1751 eius
1815 1720 1930 1771 pec-

454 1791 629 1827 catum
649 1775 889 1827 omnibus
914 1777 1021 1826 eius
1044 1772 1254 1844 posteris
1272 1771 1336 1824 ad
1352 1771 1474 1824 duas
1491 1774 1605 1826 istas
1631 1791 1812 1844 poenas
1828 1779 1926 1830 im-

451 1865 718 1923 putaretur
732 1891 747 1915 ,
772 1867 1039 1923 peccatum
1067 1847 1314 1901 inhaerens
1338 1852 1390 1901 &
1417 1866 1644 1915 mortem
1667 1866 1930 1920 aeternam,

449 1926 778 1997 probandum
795 1924 1032 1979 eritillud
1049 1920 1223 1977 foedus
1245 1923 1271 1976 ἐ
1295 1925 1557 1995 Scriptura
1578 1947 1595 1988 3
1622 1925 1674 1978 id
1696 1926 1837 1997 quod
1858 1929 1930 1986 est

449 2000 654 2073 prorsus
673 1999 995 2074 impossibile.
1014 1999 1328 2055 Cauendum
1342 2001 1411 2053 est
1425 2016 1600 2054 autem
1611 2002 1759 2055 nobis
1772 2004 1931 2073 quam

449 2076 835 2151 diligentissime
858 2097 919 2131 ne
937 2077 1061 2150 quid
1078 2077 1582 2148 praeterScripturam
1599 2078 1718 2130 Deo
1738 2080 1932 2131 tribua-

446 2171 592 2220 muS,
618 2153 898 2225 p-raesertim
914 2150 1166 2224 ejusmodi
1192 2191 1205 2217 ,
1228 2152 1371 2223 quod
1394 2155 1605 2207 virtutes
1624 2155 1730 2205 eius
1750 2149 1928 2208 obscu-

447 2244 553 2293 ret·2
575 2231 630 2283 id
652 2234 796 2282 enim
813 2250 918 2283 non
943 2229 1106 2304 potest
1124 2246 1230 2281 non
1247 2245 1401 2299 graue
1427 2242 1694 2300 peccatum
1714 2225 1833 2281 effe.

519 2310 631 2359 Hac
649 2309 851 2360 ratione
873 2304 936 2359 fic
961 2302 1223 2378 proposita
1245 2303 1645 2375 Theologorum
1669 2303 1927 2360 auxilium

446 2378 539 2433 fibi
563 2381 803 2454 adjungit
826 2423 842 2448 ‚
866 2386 920 2436 &
940 2380 1248 2440 Vitakerum
1271 2419 1287 2445 ,
1313 2379 1658 2434 Chamierum
1674 2420 1688 2444 ,
1717 2381 1930 2434 sixtum

445 2454 710 2510 senensem
734 2496 750 2522 ‚
789 2461 841 2511 &
872 2458 1249 2512 Bellarminum
1283 2458 1538 2509 nominat.
1583 2454 1807 2512 Nostros
1840 2473 1948 2521 cur?

450 2530 628 2588 laudet
646 2550 766 2609 'non
789 2536 954 2609 miton
976 2557 989 2589 ς
1020 2536 1094 2588 ita
1120 2533 1261 2588 enim
1288 2532 1344 2584 in
1379 2531 1475 2585 hac
1506 2529 1654 2588 causa
1678 2529 1934 2597 vsuuenit,

1677 2621 1931 2663 nouitatis
