2018 2844
223 120 314 176 DE
372 143 476 175 Tm
500 140 610 176 Bvs
663 124 1175 177 s'tM121TVD1N1
1199 137 1272 173 nv
1298 134 1340 174 s·'
1443 121 1546 175 281

140 198 174 242 P
189 198 279 242 L'A
297 198 357 242 C.
414 198 560 260 Ergo,
582 196 611 241 fi
637 195 744 243 fides
761 197 941 243 habetur
961 199 1056 244 viro
1068 194 1209 242 (1οᾶὶο
1229 223 1244 246 ,
1269 194 1370 240 etim
1387 195 1549 250 volun-¹

70 273 136 306 tas
153 260 312 306 Adam»
335 261 491 306 dicitur
520 264 716 307 voluntas
741 266 936 307 omnium
954 294 966 312 ‚
986 261 1092 307 nihil
1117 259 1235 306 aliud
1256 254 1547 320 significatur,

10 366 13 367 ⁷
57 322 148 369 'nifi
164 325 421 370 volitionem
440 326 559 370 illam
575 340 664 384 qua
690 326 878 387 primtim
903 327 1101 386 peccauit
1118 323 1224 377 ,hoc
1240 323 1299 368 est
1321 352 1335 374 ,
1363 324 1549 383 primam

70 391 161 433 eius
189 388 532 434 inobedientiam
558 388 640 433 effe
663 394 862 434 omniurn
889 403 964 449 per
989 389 1318 448 imputationem
1339 384 1407 432 :id
1421 383 1549 446 quod

3 466 6 472 ¹
69 461 171 496 toto
190 451 270 496 hoc
287 452 401 498 libro
415 451 667 497 refellimus.
707 452 793 497 Sed
809 455 1002 512 quoiure
1017 451 1077 496 est
1097 453 1292 494 omnium
1317 457 1335 498 ?
1366 449 1436 495 Est
1450 478 1464 499 ‚
1480 450 1550 493 in-

67 521 167 577 quit
179 545 194 567 ,
221 518 466 577 vniuerfiilis
482 517 940 580 repraesbntationisiure.
977 514 1108 560 Estne
1122 516 1251 576 igitur
1267 543 1281 565 ‚
1296 528 1340 559 vt
1355 512 1550 573 loquun-

52 592 141 637 ‚tur
161 607 174 629 ,
198 584 499 626 vniuerialisin
517 581 896 642 repraesentando?
925 581 1037 627 Non
1052 608 1065 630 ,
1082 593 1266 639 opinor,
1285 576 1366 621 hoc
1393 576 1550 622 voluit.

68 644 196 697 Quid
213 659 321 706 ergo
334 645 500 690 voluit?
525 661 625 689 nam
641 661 734 706 quo
750 644 833 689 fuit
849 645 1050 692 voluntas
1064 644 1262 688 omnium
1276 671 1288 693 ‚
1301 655 1356 686 eo
1375 639 1454 686 fuit
1468 656 1551 686 vo-

68 707 216 753 luntas
230 707 477 754 vniuersalis
491 726 502 759 3
521 708 757 754 vniuersale
770 711 883 754 enirn
898 714 940 756 &
954 720 1188 753 commune
1209 705 1323 751 idem
1346 705 1551 752 videntur

68 769 330 833 significare.
370 774 472 817 Fuit
486 788 654 824 autem,
684 772 713 817 fi
737 772 1004 819 illicreditut
1032 802 1045 823 ,
1071 772 1267 815 omnium
1294 770 1549 830 imputatio-

67 851 140 880 ne.
183 836 284 880 Fuit
297 850 405 897 ergo
425 840 556 881 etiam
584 837 832 882 vniuersalis
855 838 1166 898 imputatione.
1213 834 1309 879 Cur
1324 848 1433 894 ergo
1456 847 1548 877 non

68 898 181 943 dixit
195 928 207 951 ,
225 896 346 944 fuisse
361 899 642 947 vniuersalem
656 902 960 963 imputationis
978 902 1102 946 iure?
1129 897 1298 945 Pla-cuit
1313 898 1547 943 verborum

70 966 202 1025 copia
223 994 236 1014 ,
256 967 303 1008 &
319 963 650 1011 distinetionum
664 963 857 1027 speciosa
883 962 1188 1024 multiplicatio
1205 975 1374 1008 retento
1398 973 1547 1005 tamen

66 1025 378 1072 eodemsensn.
427 1029 615 1074 Fortaffe
633 1030 797 1079 voluit,
824 1029 1097 1075 voluntatem
1110 1025 1275 1072 Adami
1303 1022 1426 1070 fuiffe
1449 1029 1548 1081 vni-⁴

68 1089 274 1135 uersalem
293 1093 642 1154 repraeftntationis
667 1096 757 1139 iure
772 1123 786 1144 ,
806 1107 900 1152 quo
922 1092 1082 1138 scilicet
1097 1105 1249 1136 omnes
1269 1087 1436 1134 nostras
1462 1103 1544 1134 vo-

67 1154 255 1201 luntates
271 1186 284 1207 ‚
312 1162 383 1200 leu
404 1157 549 1218 potitis
562 1159 791 1204 volitiones
812 1161 943 1212 (nam
962 1171 1037 1218 per
1056 1155 1325 1200 voluntatem
1339 1152 1548 1214 intelligit

68 1216 337 1265 volitionem
352 1223 368 1278 )
386 1221 725 1282 repraesentauit.
762 1220 847 1265 Sed
871 1224 970 1280 quis
998 1234 1190 1279 vnquaiu
1211 1217 1408 1268 dixerat,
1428 1219 1544 1261 voli-

68 1285 233 1329 tionem
261 1285 425 1330 Adami
456 1281 772 1347 tepraesentasse
794 1283 1027 1329 volitiones
1048 1286 1246 1326 omnium
1284 1281 1547 1328 hominum?

65 1347 236 1408 Ecquis
254 1349 342 1393 tale
359 1351 423 1393 ius
451 1350 781 1411 excogitauerat
810 1353 828 1395 ?
863 1345 1138 1393 probabilius
1168 1343 1227 1390 est
1250 1360 1348 1389 eum
1370 1343 1544 1389 intelle-

65 1409 176 1457 xiste
187 1416 250 1456 ius
264 1410 653 1473 repraesentationis
676 1442 689 1462 ‚
714 1427 808 1472 quo
825 1411 985 1456 scilicet
1001 1409 1199 1460 Adamus
1222 1406 1544 1470 reptaesentauit

69 1490 222 1520 omues
239 1475 453 1521 homines.
503 1478 562 1521 At
579 1475 606 1520 fi
627 1474 952 1538 reprael'entauit
967 1489 1120 1519 omnes
1134 1473 1332 1518 homines
1361 1502 1373 1524 ,
1400 1473 1546 1534 potuit

67 1555 159 1586 non
176 1539 315 1587 mimis
330 1540 466 1600 quim
483 1539 553 1585 sua
567 1540 766 1587 voluntas
779 1569 791 1591 ,
811 1540 895 1585 dici
911 1541 1045 1584 homo
1059 1536 1342 1584 vniuersalis:
1367 1552 1460 1596 quo
1476 1549 1545 1580 ta-

68 1618 170 1650 men
196 1605 347 1665 elogio
370 1606 567 1650 nondum
583 1636 595 1657 ,
617 1620 662 1650 vt
687 1607 872 1665 opinor,
891 1603 916 1647 ὲ
946 1617 1176 1664 quoquam
1206 1601 1264 1647 est
1298 1598 1546 1662 insignitus.

69 1665 252 1715 Deinde
268 1669 425 1713 metito
442 1671 578 1730 quaeri
605 1666 745 1729 potest
774 1697 787 1717 ‚
811 1683 904 1728 quo
923 1665 1208 1712 fundamento
1240 1663 1476 1709 istiusmodi
1497 1668 1545 1710 δε

66 1734 393 1795 τορῑκίεηῑαῑίο
409 1764 422 1785 ,
440 1738 482 1779 &
497 1730 885 1794 repraesentationis
904 1735 966 1776 ius
980 1733 1162 1774 nitatun
1183 1727 1437 1776 proferetur
1449 1725 1545 1772 fot·-

29 1796 38 1801 “
67 1796 169 1842 tasse
186 1793 332 1841 foedus
359 1796 467 1842 illud
490 1800 644 1843 initum
666 1812 763 1841 cum
788 1808 884 1840 toto
898 1807 1057 1859 genere
1076 1794 1266 1838 humano
1283 1795 1325 1836 in
1353 1790 1547 1842 Adamo,

69 1860 197 1920 quod
210 1859 263 1903 ad
279 1863 613 1921 imputationem
629 1860 922 1906 immediatam
941 1856 1146 1903 tuendam
1164 1860 1246 1903 viri
1262 1855 1445 1917 quidam
1466 1855 1548 1900 do-

68 1922 133 1970 όὶι
158 1937 311 1985 praeter
325 1925 592 1986 Scripturam
607 1930 648 1969 &
664 1938 861 1969 naturam
877 1925 1187 1982 excogitarunt
1211 1940 1222 1966 :
1253 1919 1338 1965 Sed
1363 1919 1417 1965 de
1434 1935 1488 1965 eo
1501 1925 1546 1966 δε

67 1988 154 2034 iarn
170 1985 337 2033 didium
355 1988 412 2034 est
426 2017 441 2042 ,
469 1992 514 2034 &
534 1987 637 2032 nihil
651 1987 815 2032 necesse
829 1985 890 2031 est
902 1999 1020 2031 nunc
1041 1982 1271 2044 disputare.
1306 1987 1414 2030 Haec
1430 1986 1544 2028 enim

67 2050 214 2096 obiter
235 2051 317 2096 hoc
342 2052 445 2097 loco
462 2050 691 2097 obseruare
706 2049 850 2096 volui:
868 2049 1000 2095 redeo
1011 2045 1065 2092 ad
1079 2046 1121 2092 id
1141 2047 1194 2093 de
1218 2063 1310 2108 quo
1339 2047 1546 2110 agebatur

66 2117 113 2162 in
132 2114 435 2178 Manuscripto
449 2147 463 2168 ‚
488 2122 530 2162 δε
546 2115 671 2176 quod
700 2114 803 2159 mihi
826 2113 995 2159 videtur
1019 2118 1080 2158 vir
1104 2111 1263 2158 ἀοίὶυς
1279 2111 1355 2156 hac
1372 2123 1443 2156 lua
1456 2110 1544 2156 res-

70 2177 288 2240 ponsione
311 2178 531 2225 detorsisse
558 2182 601 2224 in
624 2180 811 2225 alienum
832 2176 1016 2224 sensum.
1052 2179 1178 2222 Patet
1191 2179 1307 2221 enim
1336 2190 1391 2220 ex
1404 2173 1547 2221 verbis

69 2242 253 2289 Thomae
271 2276 284 2296 ,
319 2242 480 2305 quibus
500 2241 614 2288 suam
631 2257 822 2288 mentem
836 2244 868 2288 is
884 2245 949 2289 vit
964 2238 1144 2291 docstus,
1167 2243 1344 2300 quicum
1359 2237 1462 2284 mihi
1481 2255 1546 2284 res

74 2319 163 2351 erat
179 2337 192 2359 ,
208 2306 413 2369 exposuit
429 2338 443 2360 ‚
468 2323 541 2371 per
556 2308 828 2352 voluntatem
843 2336 857 2358 ,
889 2321 979 2352 non
1003 2304 1139 2368 ipsam
1164 2304 1420 2350 volitionem
1437 2333 1451 2356 ,
1474 2301 1547 2348 sed

2 2378 3 2381 ’
72 2368 299 2418 volitionis
320 2375 580 2436 principium
601 2371 817 2434 intelligi,
839 2369 947 2416 ficut
966 2386 1042 2431 per
1064 2368 1257 2415 membra
1282 2400 1297 2422 ,
1319 2384 1408 2412 non
1426 2365 1546 2413 ειᾶὶίο

74 2431 373 2481 membrorum
387 2465 400 2489 ,
425 2436 498 2483 sed
514 2436 636 2481 huius
654 2438 870 2496 principia
884 2430 1198 2496 significantur.
1249 2430 1549 2478 Consideran-

75 2509 147 2560 μς
163 2500 278 2562 enim
291 2496 315 2546 ἃ
327 2499 501 2566 {laonia
525 2515 678 2568 omnes
693 2499 890 2568 homines
917 2512 1124 2562 tanquam
1143 2511 1288 2559 partes
1311 2497 1384 2544 seu
1401 2510 1542 2555 mem-⁴

1041 2566 1250 2640 Qiss
