2018 2844
175 113 467 175 DEARG.
514 141 538 169 E
581 113 776 169 Novo
816 116 1282 170 TESTAM-mro.
1417 136 1504 188 331

31 200 213 250 'omnes
244 194 544 245 moriuntur
600 189 823 244 Putasne
849 190 1063 264 probare
1096 207 1214 242 eum
1242 205 1507 262 peccatum

28 266 125 323 effe
149 270 204 320 in
235 267 562 332 hominibus,
579 269 698 336 quia
718 265 777 319 s1t
800 269 854 319 in
877 265 1178 319 hominibus
1201 280 1466 337 peccatum
1487 311 1504 336 ,

27 346 279 399 nimirum
305 345 568 414 corruptio
587 341 903 394 haereditaria
924 349 946 399 ἒ
970 341 1119 397 Num
1140 343 1170 395 a
1187 340 1376 395 latente
1393 360 1507 397 cor-

27 423 268 491 ruptione
291 419 612 489 morali‚quae
630 416 739 489 ipsa
759 431 866 472 erat
887 417 1173 490 probanda,
1189 415 1330 470 ducit
1360 437 1511 494 argu-

27 510 267 550 mentum
284 533 299 555 ,
321 493 439 550 cum
459 490 749 566 suppeteret
769 495 797 548 a
816 490 1096 565 patente&
1119 506 1246 544 nota
1268 498 1508 551 omnium

28 585 199 626 morte
224 576 248 628 ἓ
270 571 427 626 Certe
442 569 814 624 condemnatio
833 573 886 623 &
909 586 1049 625 mors
1065 565 1184 622 sunt
1198 569 1334 640 apud
1356 569 1506 640 Apo-

27 646 221 702 stolum
240 647 343 700 hoc
362 649 527 720 capite
555 648 769 706 αἰτίςγοφα.
828 645 1259 701 Condemnamur
1278 643 1344 696 ad
1369 663 1510 702 mor-

30 736 141 775 tem
158 761 175 787 2
188 741 295 776 non
315 722 380 776 ad
401 737 682 795 peccatum.
729 724 874 778 Mors
890 741 998 776 non
1023 722 1095 776 est
1113 719 1508 774 condemnatio-

30 799 109 851 nis
131 795 388 866 causa2sed
407 796 663 853 effestum.
689 801 895 855 Contra
917 813 1184 872 peccatum
1211 795 1310 871 (est
1332 812 1510 855 autem

30 876 295 945 corruptio
311 874 716 944 haereditaria‚vt
732 879 839 928 iam
854 872 1030 946 saepius
1047 874 1177 938 dixi,
1194 871 1501 945 peccatum)

31 948 484 1004 condemnationis
507 949 677 1016 causa,
703 970 812 1004 non
830 949 1091 1005 effectum.
1147 951 1390 1020 Denique
1410 989 1427 1015 ,
1452 963 1509 1005 vt

31 1041 96 1077 ne
109 1022 200 1076 fim
213 1043 360 1095 aequo
384 1027 610 1096 polixior
624 1067 638 1090 ,
654 1026 773 1081 curn
786 1030 859 1078 ait
877 1023 1159 1098 Apostolus
1174 1021 1300 1078 vers.
1322 1043 1345 1076 2
1357 1043 1397 1077 1-
1434 1042 1511 1078 re«

33 1096 209 1170 gnasse
222 1104 557 1170 peccatumin
567 1116 814 1167 mortem,
830 1099 954 1154 fitne
971 1098 1263 1157 veriffimile
1273 1098 1379 1152 alio
1396 1118 1510 1153 mo-

31 1174 103 1231 do
123 1178 286 1246 accipi
304 1191 528 1230 mortem
544 1218 560 1244 ,
575 1179 733 1248 quam
748 1181 802 1230 in
825 1175 1149 1230 antecedenti
1163 1172 1512 1247 disputatione

32 1249 312 1322 Apostoli,
332 1255 470 1306 cuius
490 1251 657 1306 versus
671 1252 758 1305 ille
769 1251 1025 1304 conclufio
1040 1250 1110 1304 est
1134 1258 1156 1307 ἒ
1183 1248 1257 1303 At
1275 1248 1509 1320 profesto

29 1343 96 1379 eo
111 1323 259 1380 versu
278 1327 333 1379 id
353 1325 635 1400 fignifi'care
655 1345 764 1380 non
788 1327 984 1398 potest,
1003 1323 1146 1397 quod
1171 1322 1231 1376 fit
1250 1324 1367 1378 vere
1397 1343 1513 1396 pec-

31 1416 225 1456 catum.
284 1400 528 1454 Praeceffit
550 1405 694 1455 enim
718 1401 847 1454 illud
866 1399 993 1456 vers.
1016 1401 1414 1473 20.lexpraeterea
1439 1420 1515 1453 zn-

30 1478 175 1546 troq't²
182 1491 242 1528 vt
241 1491 479 1550 peccatum
500 1475 770 1530 abundaret.
794 1475 879 1529 vbi
893 1481 1288 1550 autem'peccatttm
1304 1474 1513 1530 abnnda-

32 1556 128 1612 uit,
152 1551 220 1604 ibi
231 1557 394 1624 gratia
399 1551 808 1628 superabtmdauit.
868 1552 1008 1606 Illud
1038 1555 1180 1604 enim
1214 1555 1408 1621 peccati
1437 1570 1517 1604 re-

34 1644 202 1699 gnum
219 1668 233 1692 ,
255 1630 360 1682 haec
381 1633 574 1700 peccati
593 1629 934 1683 redundantia
957 1629 1014 1685 id
1041 1645 1197 1680 omne
1214 1628 1270 1679 in
1294 1626 1510 1681 homine

35 1703 400 1775 complectitur
429 1744 444 1770 ,
474 1704 615 1775 quod
639 1703 754 1758 vere
777 1717 1044 1777 peccatum
1063 1701 1124 1755 fit
1140 1743 1157 1768 ,
1180 1706 1232 1755 &
1253 1701 1415 1772 liquet
1445 1721 1511 1756 ex

37 1780 192 1833 Rom·
206 1797 286 1833 vi.
303 1782 355 1832 &
374 1798 483 1833 v11.
503 1780 556 1831 id
570 1795 836 1852 peccatum
850 1819 866 1845 2
881 1777 1023 1850 quod
1036 1775 1308 1851 perlegem
1327 1778 1514 1837 redun-

37 1851 184 1905 dauit
206 1859 258 1907 δε
280 1858 519 1925 regnauit
536 1896 552 1922 ,
575 1851 675 1909 effe
694 1852 1194 1926 concupiscentiam,
1215 1850 1317 1905 flue
1346 1871 1516 1908 corru-

39 1927 289 2002 ptionem.
302 1928 698 1996 haereditariam,

129 2004 342 2059 Putabis
364 2001 572 2059 fortasse
596 2020 647 2059 te
679 2005 868 2058 horum
905 2015 1327 2078 argumentorum
1347 2009 1513 2060 aciem

40 2076 298 2134 declinare
320 2077 460 2151 poffe
479 2120 496 2147 ,
521 2079 740 2134 dicendo
755 2122 770 2148 ‚
786 2099 876 2153 per
887 2082 1520 2153 peccatumw‘dfspviwin.

41 2152 212 2227 telligi
229 2170 502 2227 Vtrumque
525 2159 578 2212 &
599 2172 866 2230 peccatum
886 2156 1084 2211 aetuale
1106 2154 1301 2210 Adami
1316 2196 1331 2222 ,
1356 2160 1408 2209 &
1428 2175 1515 2210 na-

43 2241 158 2284 tum
180 2250 245 2285 ex
265 2251 330 2284 eo
352 2235 540 2287 vitium
556 2232 808 2305 originale
830 2256 849 2297 3
879 2229 965 2286 sed
981 2231 1035 2284 id
1051 2231 1148 2284 tibi
1166 2250 1274 2284 non
1295 2231 1415 2285 licet
1431 2251 1520 2304 per

0 2308 2 2392 j
46 2304 234 2361 statum
260 2309 548 2381 quaestionis
564 2348 579 2368 ,
605 2327 716 2380 quae
734 2311 866 2362 inter
888 2327 982 2362 nos
1000 2305 1240 2362 versatur.
1273 2308 1359 2362 Est
1375 2311 1519 2362 enim

0 2398 1 2404 ¹
48 2380 279 2436 instituta
298 2385 360 2440 de
377 2400 587 2455 peccato
605 2386 788 2439 adtuali
804 2382 996 2439 Adami
1014 2380 1220 2455 praeciso
1237 2384 1266 2438 ὲ
1279 2386 1409 2438 vitio
1421 2384 1521 2437 hae-

52 2457 315 2511 reditario.
370 2465 464 2518 Vis
480 2464 621 2516 enim
648 2463 870 2534 primum
884 2477 1147 2534 peccatum
1165 2458 1361 2513 aestuale
1377 2457 1522 2513 Ada-

54 2536 210 2609 mossq
232 2534 387 2610 nobis
401 2535 549 2612 {uisse
566 2541 881 2612 imputatum
907 2579 922 2604 ,
953 2540 1004 2594 &
1030 2539 1152 2612 quia
1176 2538 1520 2610 imputatum,
