2018 2844
483 119 594 168 '202
822 115 990 168 MAN.
1053 117 1237 168 Posr.
1300 114 1592 173 CainIV.

484 189 539 236 lis
569 190 899 237 decoramento
926 187 1162 234 destitutas
1181 222 1193 242 ,
1217 192 1297 253 qui
1322 205 1475 236 tamen
1500 189 1700 236 creando
1724 189 1817 236 non
1832 191 1944 238 faciti

482 252 596 318 legis
619 254 1002 319 praeuaricatrices
1025 285 1038 305 ,
1068 250 1181 298 illud
1209 252 1341 315 quale
1358 253 1408 299 fit
1437 253 1713 300 considerati
1740 270 1947 319 oportet.

484 321 609 365 Nam
626 332 747 364 creat
760 315 949 380 quidem
979 320 1150 368 animas
1166 318 1331 364 iustitia
1355 321 1558 383 priuatas
1573 353 1585 370 ‚
1608 315 1685 364 sed
1701 316 1758 363 sic
1773 334 1947 371 tamen.

485 399 535 429 vt
558 382 694 427 huius
721 383 997 445 priuationis
1019 396 1154 428 autor
1179 399 1273 428 non
1292 381 1364 434 fit,
1390 400 1487 427 eam
1503 381 1604 447 ipsae
1622 381 1898 429 contrahant
1915 383 1942 429 εὶ

483 463 696 510 corpore.
743 445 967 507 Alioquin
993 449 1113 491 enim
1137 464 1235 499 eas,
1260 445 1291 492 st
1316 449 1518 511 priuatet
1544 447 1712 493 iustitia
1729 480 1743 499 ‚
1770 445 1945 493 faceret

483 511 680 557 iniustas.
730 512 852 557 Nam
869 511 1165 556 interiustum
1182 512 1452 558 &iniustum
1473 544 1485 563 ‚
1509 510 1711 557 sanc‘tum
1731 510 1949 575 &pollu-
2003 542 2005 545 -

483 589 581 620 tum
598 578 645 619 in
657 574 862 622 subiecto
878 578 1030 638 capaci
1043 573 1222 622 nullum
1237 576 1298 620 est
1313 575 1531 621 medium.
1561 574 1690 637 Qd
1708 577 1851 639 porro
1865 577 1947 629 est,

481 637 615 702 quod
640 638 768 684 addit
783 672 795 691 ‚
820 646 891 686 Sic
902 642 1074 702 expulsio
1090 640 1238 701 institia
1250 642 1304 701 est
1322 640 1558 686 antecedens
1570 641 1628 685 ad
1640 643 1950 703 corruptionem‚'

485 709 538 754 &
552 710 745 767 corruptio
760 705 991 766 confiquens
1001 704 1061 748 ad
1067 706 1333 768 expulsionem
1345 705 1493 765 iustitiae
1510 711 1528 750 ?
1557 704 1710 750 Primo
1725 709 1846 750 enim
1864 721 1946 751 ex·-

482 766 631 829 pulfio
655 768 830 813 iustitiae
857 799 869 822 ,
904 766 1220 832 praesupponit
1259 769 1472 815 iustitiam
1511 769 1870 832 ptaeexistentem
1894 771 1946 818 in

480 830 687 879 subiecto
704 830 825 878 vnde
840 830 1098 895 expellitur.
1125 836 1239 880 Non
1253 830 1341 879 fuit
1354 848 1508 878 autem
1525 832 1761 897 originalis
1776 835 1945 879 iustitia.

482 895 624 942 nifiin
638 894 947 945 soloAdamo.
984 894 1054 943 Ab
1070 915 1125 942 eo
1141 900 1281 961 igitur
1297 895 1395 943 solo
1424 894 1605 958 expulsa
1630 898 1705 942 est.
1760 897 1943 944 Deinde

481 963 583 1024 quis
594 960 749 1007 credat
763 964 914 1006 Deum
931 961 984 1006 ab
999 960 1188 1007 homine
1202 962 1416 1008 iustitiam
1431 955 1674 1023 expellere,
1689 978 1739 1007 ac
1754 978 1947 1027 propte-

482 1043 560 1085 rea
587 1024 718 1089 quod
741 1022 797 1070 ab
824 1039 880 1070 eo
905 1024 1087 1088 expulsa
1104 1025 1157 1071 sit
1175 1059 1189 1078 ‚
1213 1030 1254 1071 ei
1280 1024 1434 1072 irasci?
1458 1028 1571 1069 Item
1597 1027 1750 1072 Deum
1768 1028 1944 1077 causam

481 1088 568 1135 effe
584 1091 860 1153 priuationis
877 1089 1044 1150 iustitie
1061 1123 1073 1142 ‚
1100 1106 1183 1136 nec
1199 1105 1354 1136 tamen
1379 1085 1463 1135 esse
1488 1087 1661 1137 causam
1686 1099 1948 1157 corruptio.

481 1156 575 1198 nis?
606 1152 803 1201 Perinde
822 1155 943 1198 enim
957 1153 1044 1206 est,
1075 1153 1166 1200 acsi
1192 1171 1295 1200 eum
1313 1153 1536 1204 dicerem,
1560 1153 1774 1216 quitollit
1794 1155 1818 1201 εὶ
1842 1175 1945 1205 cor-

478 1233 594 1281 pore
610 1217 962 1270 rectitudinem,
993 1235 1090 1264 non
1119 1217 1204 1265 ess'e
1220 1216 1395 1264 causam
1424 1216 1740 1280 obliquitatis,
1764 1236 1841 1266 aut
1866 1227 1946 1286 qui

481 1280 607 1327 tollit
625 1281 648 1327 :i
662 1298 861 1345 corpore
878 1280 1082 1328 humano
1099 1281 1354 1336 sanitatem,
1374 1281 1524 1328 m'orbi
1539 1282 1710 1329 causam
1728 1301 1824 1331 non
1842 1286 1943 1334 esse.

481 1345 605 1392 Mihi
631 1347 821 1409 quidem
844 1346 968 1392 certe
993 1346 1174 1393 videtur
1199 1365 1282 1393 nec
1307 1349 1546 1408 corruptio
1573 1347 1758 1394 moralis
1774 1349 1944 1415 absque

478 1414 744 1473 priuatione
768 1411 934 1470 iustitie·
949 1443 964 1463 ‚
993 1427 1078 1457 nec
1096 1415 1297 1475 priuatio
1312 1412 1477 1469 iustitie
1502 1408 1669 1474 absque
1684 1420 1950 1478 corruptio-

479 1490 537 1519 ne
562 1474 726 1520 morali
750 1472 987 1521 confistere
1008 1474 1103 1521 vllo
1120 1475 1291 1529 modo,
1317 1491 1393 1522 aut
1419 1472 1616 1538 intelligi
1636 1475 1790 1539 posse?
1821 1483 1947 1527 Nam

480 1536 569 1583 fiue
598 1539 826 1602 priuatiue
853 1539 1019 1585 iustitia
1050 1546 1096 1587 &
1116 1545 1353 1605 corruptio
1372 1555 1701 1605 opponuntur,
1723 1540 1948 1601 hecillius

479 1606 680 1665 priuatio
696 1605 779 1657 est3
801 1602 891 1649 fine
911 1605 1141 1650 contrarie
1158 1605 1416 1668 ,expellunt
1428 1603 1515 1651 sese
1528 1605 1694 1651 mutuo
1712 1623 1764 1651 ex
1780 1608 1946 1657 eodem

481 1665 685 1713 subiecto
705 1671 883 1731 capaci,
915 1674 960 1715 ὃ(
975 1668 1166 1731 quidem
1181 1669 1464 1714 immediate.
1492 1667 1685 1714 Nullum
1710 1674 1833 1716 enim
1850 1691 1946 1719 me·-

480 1729 609 1776 dium
638 1736 822 1796 concipi
846 1736 999 1777 animo
1025 1732 1174 1796 potest
1209 1735 1328 1778 inter
1352 1734 1568 1778 iustitiam
1595 1740 1636 1779 ὅ(
1660 1734 1944 1791 iniustitiam,

482 1798 703 1841 virtutem
729 1802 770 1842 Se
797 1798 984 1848 vitium,
1015 1795 1337 1842 rectitudinem
1356 1802 1401 1843 δε
1429 1796 1758 1859 obliquitatem
1776 1806 1871 1855 &c‚
1897 1805 1946 1847 in

480 1858 683 1906 subieno
713 1863 884 1924 capaci.
956 1899 959 1900 ⁷

576 1925 705 1978 Noli
731 1927 861 1979 mihi
889 1926 1108 1993 obijcere
1132 1941 1396 1998 peccatum
1421 1926 1518 1981 effe
1549 1930 1807 1984 interdum
1838 1950 1950 2004 poe-

481 2020 603 2052 nam
631 2005 839 2071 peccati.
879 2002 1116 2055 Primum
1135 2004 1275 2054 enim
1301 2022 1407 2055 non
1432 2004 1503 2057 est
1525 2023 1678 2076 poena
1697 2023 1948 2076 quatenus

481 2092 747 2145 peccatum
765 2075 885 2140 ‚nisi
899 2077 1023 2130 velis
1049 2079 1168 2131 duas
1189 2075 1375 2147 species
1397 2079 1519 2130 mali
1544 2079 1797 2151 oppositas
1816 2085 1947 2135 inter

481 2148 529 2202 se
551 2149 864 2205 confundere
891 2191 905 2216 ,
928 2150 1125 2205 sublato
1149 2156 1281 2205 inter
1301 2152 1494 2206 malum
1516 2172 1679 2225 poen-a:
1706 2159 1758 2208 δε
1788 2156 1946 2227 culpae

480 2223 790 2280 discrimine.
841 2230 1074 2281 Ptiuatio
1096 2230 1268 2282 auten]
1287 2229 1484 2296 justitiae
1508 2230 1558 2280 in
1586 2230 1732 2282 nobis
1756 2271 1772 2296 ,
1801 2247 1941 2302 quat:

480 2300 597 2352 talis
618 2340 633 2366 ,
654 2300 941 2355 formaliter
963 2320 1224 2375 peccatum
1247 2304 1314 2356 est
1340 2328 1356 2366 3
1385 2320 1634 2375 repugnat
1654 2309 1795 2359 enirn
1819 2307 1944 2379 legi.

477 2375 685 2430 Deinde
708 2377 761 2430 id
783 2397 890 2432 non
916 2380 984 2433 est
1007 2380 1362 2451 accipiendum
1391 2378 1452 2430 de
1476 2396 1633 2450 poena
1659 2381 1865 2453 proprie
1892 2387 1946 2436 δε

480 2449 645 2503 stricte
659 2468 865 2523 accepta
881 2495 895 2520 ‚
914 2453 1216 2524 qualemlex
1228 2455 1574 2521 comminatur
1593 2460 1643 2509 ἃ
1661 2457 1848 2510 iustitia
1862 2476 1950 2510 ne-

480 2522 1277 2606 ceffatibexigitvtfibisatisfiat·
1320 2527 1949 2609 Qsen11139tedat1ussiz
2010 2564 2013 2567 ·
