2018 2844
749 151 808 189 12

60 208 237 269 luntur
253 204 658 286 {Egefi'erationis
670 153 850 284 gratia3.
874 208 1059 285 Itaque
1073 209 1258 269 vitium
1275 211 1386 270 ta'm
1400 230 1547 275 vetus

62 303 382 364 propagatur
403 328 419 354 ,
441 290 560 360 quia
580 287 723 340 Deus
747 288 916 343 noluit
940 289 1218 360 quominus
1239 309 1547 367 propagare·

60 380 146 420 tur
177 364 430 436 impedire
479 382 490 414 ε
537 380 642 416 non
678 381 1028 438 propagantur
1060 370 1351 421 recentiora
1379 408 1394 434 ,
1425 373 1546 441 quia

63 444 209 498 Deus
243 439 412 495 voluit
441 440 505 491 rse
537 456 945 511 propagarentur
969 442 1236 514 impedire.
1279 448 1402 500 Vno
1434 465 1543 501 ver·-

63 514 344 585 b0‚voluit
363 516 661 588 permittere
684 520 1116 588 propagationem
1139 517 1308 591 lapsus
1326 520 1543 590 Adami,

63 612 171 646 non
197 590 417 646 aliorum
435 606 777 664 peccatorum.
823 593 981 650 Vides
999 634 1012 660 ‚
1037 595 1223 664 opinor
1240 598 1346 663 jam
1370 599 1545 668 atquis-

64 667 165 722 siue
183 668 392 735 Lector,
415 666 562 720 nobis
584 685 769 739 aquam
785 668 926 723 nullo
949 669 1113 722 modo
1129 669 1327 724 haerere.
1360 671 1544 732 Aliam

68 742 322 813 ejusmodi
347 741 652 796 discriminis
668 747 925 798 rationem
940 746 1149 800 Placeus
1166 750 1351 801 cumin
1369 749 1544 804 Thefi-

66 820 158 873 bus
172 860 188 886 ,
207 834 322 872 tum
344 821 399 871 in
417 816 767 891 Manuscripto
784 821 1062 892 posteriore
1078 822 1368 878 reddiderat
1389 824 1452 878 ab
1465 828 1545 899 ip-

66 895 119 948 sa
149 898 303 968 primi
331 894 460 949 Adae
486 899 677 966 peccati
701 914 878 949 natura
905 899 1123 968 petitam
1140 938 1155 964 ,
1181 917 1290 969 quae
1316 897 1542 954 suoloco

67 971 131 1023 ab
157 970 545 1042 exceptionibus
567 974 635 1026 D.
654 969 915 1042 Gariffolij
948 975 1063 1027 Deo
1082 972 1236 1025 dante
1263 976 1547 1029 vindicabi-

22 1079 27 1082 -
67 1060 167 1100 tur.
197 1046 355 1100 Nunc
376 1050 517 1099 enim
548 1047 677 1101 mihi
700 1045 818 1100 satis
838 1049 906 1103 est
932 1046 1228 1115 ostendisse,
1253 1067 1407 1120 quam
1436 1050 1544 1124 ipse·

69 1122 218 1190 hujus
241 1119 546 1175 discriminis
572 1126 830 1175 rationem
852 1124 1018 1177 reddit
1036 1165 1051 1190 ‚
1074 1142 1188 1177 eam
1208 1163 1222 1189 ,
1249 1143 1354 1177 non
1371 1127 1546 1181 mimis

69 1200 437 1273 propagationi
456 1216 609 1268 quam
630 1201 966 1271 imputationi
985 1199 1227 1272 applicari
1247 1197 1385 1270 poffe
1415 1225 1427 1257 ε
1455 1205 1544 1258 Est

69 1291 168 1348 que
195 1274 359 1327 nostra
401 1272 560 1346 quam
583 1276 690 1326 eius
714 1271 860 1328 causa
888 1274 1091 1328 melior.
1136 1274 1289 1329 Nihil
1317 1281 1460 1331 enim
1481 1279 1547 1334 fic

69 1347 432 1422 respondendo
459 1349 676 1403 dicimus
704 1351 846 1421 quod
873 1348 1019 1422 poffit
1036 1355 1227 1425 negari.
1273 1353 1547 1411 Conuenit

69 1430 214 1480 enim
243 1427 494 1478 internos
521 1429 796 1498 propagari
834 1441 1100 1497 peccatum
1121 1426 1406 1500 originale,
1436 1450 1545 1486 non

72 1502 322 1573 perpetuo
356 1503 627 1572 propagari
653 1503 753 1553 alia
787 1505 916 1556 vitia
943 1541 960 1566 ,
993 1500 1362 1572 nihilque’fieri
1403 1505 1544 1575 poffe

18 1624 19 1628 ,
68 1580 191 1633 Deo
214 1573 411 1649 prorsus
433 1572 594 1627 inscio
634 1579 686 1629 &
719 1579 906 1629 inuito.
968 1576 1063 1629 llle
1091 1580 1215 1632 vero
1244 1574 1307 1630 sic
1330 1578 1543 1652 respon·

69 1653 264 1717 dendO‚
281 1648 523 1722 supponit
537 1653 943 1722 imputationem
963 1652 1371 1719 antecedentem„
1386 1674 1542 1726 quam

69 1747 166 1782 nos
185 1744 432 1800 negamus
446 1765 461 1790 2
485 1729 536 1779 &
557 1725 775 1795 probare
797 1725 1014 1780 debebat
1031 1768 1046 1795 >
1062 1728 1285 1800 Deoque
1304 1732 1543 1785 volunta-

69 1821 180 1859 tem
202 1803 266 1856 fic
286 1801 574 1873 imputandi
593 1804 744 1874 primi
759 1801 886 1856 Adae
905 1806 1097 1875 peccati
1112 1802 1322 1857 aetualis
1338 1806 1537 1861 tribuit:

70 1899 225 1953 quam
257 1895 434 1932 tamen
460 1877 784 1931 voluntatem
811 1881 954 1933 Deus
982 1897 1147 1951 neque
1168 1898 1257 1952 per
1281 1896 1544 1953 naturam>

70 1974 236 2027 neque
254 1973 340 2026 per
356 1955 672 2020 Scripturam
692 1953 954 2025 patefecit.
996 1955 1060 2006 Id
1077 1954 1216 2025 quod
1232 1974 1443 2028 peccato
1459 1978 1546 2013 va-

71 2049 182 2084 care
197 2049 303 2084 non
325 2029 543 2082 videtur·
577 2026 730 2082 Adde
749 2029 888 2101 quod
905 2071 920 2097 ,
942 2028 975 2084 fi
997 2035 1063 2082 rei
1082 2033 1206 2083 illius
1228 2051 1341 2083 vera
1362 2031 1540 2106 &scili-

71 2108 133 2159 da
155 2148 170 2169 ,
194 2104 250 2164 ἄν
271 2111 411 2157 vnica
433 2104 562 2177 caufh
584 2104 653 2158 est
679 2105 782 2158 Dei
800 2105 1037 2161 voluntas
1065 2147 1080 2171 2
1102 2110 1184 2160 cui
1202 2105 1268 2161 sic
1284 2106 1435 2161 libuit
1450 2129 1545 2163 noz-

70 2183 150 2235 bis
183 2179 423 2236 omnibus
456 2183 682 2254 primum
721 2179 917 2235 Adami
949 2197 1217 2255 peccatum
1253 2186 1542 2253 imputare3

72 2276 168 2312 nec
188 2256 336 2312 libuit
359 2271 447 2310 aut
471 2255 732 2328 sequentia
759 2255 983 2323 Adami,
1008 2272 1094 2309 aut
1121 2257 1342 2311 aliorum
1366 2277 1548 2330 paren-

69 2347 183 2387 tum
208 2349 413 2406 peccata
434 2336 688 2405 imputare
706 2371 722 2398 ,
737 2329 1008 2385 fatendum
1029 2332 1097 2386 est
1118 2331 1211 2404 (id
1241 2336 1381 2405 quod
1397 2336 1547 2391 vehe-

72 2408 376 2463 mentifflme
393 2406 584 2483 refugit
606 2404 955 2481 conscientia)
981 2426 1155 2461 veram
1182 2413 1232 2463 &
1255 2407 1545 2468 solidam&

73 2487 279 2538 vnicam
296 2482 496 2538 causam
522 2503 609 2539 cur
629 2483 782 2539 fimus
809 2499 1100 2559 peccatores
1119 2487 1170 2538 &
1187 2483 1412 2557 perditi,
1439 2490 1543 2542 Dei

72 2559 401 2637 voluntatem
413 2557 511 2635 esse
526 2602 543 2633 2
564 2575 745 2635 contra
767 2560 1036 2639 graculum
1051 2601 1068 2631 2
1087 2571 1165 2616 Ex
1185 2576 1229 2616 te
1236 2562 1443 2639 perditio
1460 2578 1556 2618 mez-
