2018 2844
1114 96 1212 150 v122³.

409 193 565 230 onmes
594 170 895 250 imputatione
932 171 1159 241 transtre:
1180 174 1375 226 aliorum
1394 185 1643 248 parentum
1661 174 1731 225 ita
1749 173 1902 247 transl

410 257 541 306 mitta·
559 270 649 305 nm
665 251 833 302 vomit.
879 258 1000 301 Eam
1027 267 1191 300 veram
1211 246 1478 322 &filiclam
1500 246 1557 306 ὠ
1586 253 1777 302 vnicam
1797 269 1897 324 qus
1970 271 1992 275 ”

409 335 475 381 rei
495 328 674 399 caftstzm
699 324 948 399 agnestzmt
965 332 1012 375 T
1007 322 1183 397 beologi
1210 328 1307 379 &c-
1349 323 1585 383 Primum
1609 321 1727 378 satis
1743 329 1900 378 mira-

414 408 458 458 ri
482 421 684 475 nequeo
721 404 818 457 viri
851 399 993 456 doeti
1023 400 1254 459 εἰβλεψὲαν,
1282 421 1388 456 non
1420 399 1898 466 animaduertentis,

414 498 511 532 nos
532 481 723 552 pariter
754 476 782 531 ὲ
801 473 904 532 Dei
934 475 1200 533 voluntate
1232 477 1384 547 hujus
1409 476 1716 531 discriminis
1737 480 1896 530 ratio-
1956 529 1965 534 r

416 574 537 609 nem
559 569 733 627 petere
755 550 913 625 posse.
961 553 1102 627 Qd
1129 557 1269 607 enim
1291 552 1493 627 facilius
1511 555 1671 626 quam
1692 550 1899 626 respon-

415 631 535 685 dere
558 671 572 697 ,
594 626 849 700 ejusmodi
865 626 962 682 esse
987 632 1157 682 omnis
1175 632 1286 699 vitij
1313 634 1615 701 contagium
1636 669 1650 694 ,
1670 645 1726 682 vt
1744 630 1898 683 instar

414 708 563 778 pestis
597 747 612 771 ,
653 703 733 760 vel
762 708 948 760 veneni
982 744 997 769 ‚
1029 705 1111 757 vel
1134 703 1379 759 fermenti
1403 704 1504 759 sese
1528 703 1816 759 diffundere
1840 710 1896 761 δε

413 799 702 856 propagare
726 778 876 854 poffit
892 822 907 848 ‚
929 779 1017 834 nifi
1036 783 1140 835 Dei
1161 780 1242 834 vel
1265 782 1592 855 prouidentia
1621 781 1704 836 vel
1731 785 1899 853 gratia

413 858 620 914 obicem
638 872 817 930 ponat.
836 858 1128 913 Discrimen
1147 859 1304 932 igitur
1323 859 1442 911 inde
1457 857 1898 931 procedere-‚quod

413 937 569 1005 primi
599 936 823 1006 parentis
843 936 1033 989 vitium
1045 936 1189 988 Deus
1204 973 1220 999 ‚
1236 937 1515 1005 quominus
1536 932 1899 1004 percarnalem

412 1013 810 1080 genera-cionem
836 1025 1228 1082 propagaretur,
1244 1008 1419 1062 noluit
1441 1009 1716 1080 impedire:
1747 1007 1901 1063 Alio-

411 1103 529 1139 rum
551 1088 675 1142 vero
699 1100 977 1158 parentum
1000 1086 1097 1138 alia
1114 1088 1245 1140 vitia
1263 1124 1278 1149 ,
1301 1103 1364 1139 ne
1391 1083 1625 1138 similiter
1648 1103 1900 1159 propaga-

411 1163 562 1215 tione
585 1161 804 1215 naturali
827 1161 1302 1234 multiplicarentur
1320 1201 1335 1227 ‚
1358 1160 1587 1215 inhibere
1613 1159 1782 1213 voluit
1802 1181 1819 1226 3
1841 1176 1900 1216 vt

410 1238 468 1290 in
487 1237 582 1291 illo
602 1255 711 1309 quae
738 1240 931 1310 peccati
954 1243 1006 1292 δε
1041 1253 1230 1290 naturae
1251 1261 1267 1300 ·,
1287 1239 1340 1289 in
1367 1237 1445 1289 his
1467 1256 1574 1309 quae
1602 1240 1706 1292 Dei
1724 1241 1899 1309 proui-

410 1311 598 1368 dentiae
625 1318 677 1368 δε
696 1316 872 1388 gratiae
895 1316 971 1367 vis
996 1309 1118 1367 effet
1135 1352 1150 1378 2
1166 1309 1381 1385 perspici
1408 1307 1589 1385 posset.
1690 1316 1898 1367 uaerenti

409 1407 537 1462 ergo
559 1429 576 1454 ‚
606 1390 740 1444 vnde
767 1386 826 1442 fit
847 1429 862 1455 ,
887 1403 943 1443 vt
965 1403 1200 1461 parentes
1225 1429 1240 1454 ‚
1266 1390 1354 1459 qui
1385 1391 1603 1460 peccatis
1619 1393 1776 1443 variis
1793 1386 1897 1442 sese

408 1462 818 1531 commaculant,
832 1467 1226 1536 inquinamenta
1240 1464 1326 1517 illa
1344 1473 1671 1537 peccatorum
1687 1461 1899 1522 suorum

410 1558 521 1594 non
538 1538 737 1614 semper
756 1538 1114 1595 transmittant
1133 1544 1186 1592 in
1200 1539 1428 1601 liberos?
1454 1538 1562 1597 Res
1560 1539 1769 1612 pondeo
1788 1559 1901 1597 ver-

407 1614 488 1669 bis
512 1621 652 1672 Petri
681 1619 921 1690 Martyris
943 1658 960 1684 ,
978 1620 1097 1688 quia
1117 1628 1245 1672 Deus
1268 1617 1696 1691 modumprffixit,
1722 1637 1780 1669 ne
1792 1637 1894 1670 ma·-

408 1693 507 1744 lum
524 1691 755 1766 grcgffltur
768 1698 820 1745 in
844 1692 1117 1764 immensum
1133 1730 1148 1752 ,
1179 1689 1236 1749 ά·
1255 1690 1374 1744 hanc
1393 1694 1896 1767 malipropagc‘ztionem

391 1765 651 1841 stcspends't.
689 1771 802 1825 Cur
830 1767 1065 1822 Adamus
1089 1766 1394 1820 inobediens
1417 1766 1551 1820 filios
1578 1782 1790 1840 generat
1819 1787 1899 1822 re-

413 1843 572 1896 belles
594 1847 735 1909 De0,
762 1849 814 1899 &
837 1857 1016 1897 natura
1037 1850 1403 1901 contumaces?
1425 1841 1534 1899 Res
1529 1843 1760 1915 pondeO,
1775 1847 1897 1916 quia

409 1920 554 1974 Deus
579 1921 747 1976 voluit
781 1922 1080 1991 permittere
1105 1959 1120 1985 ,
1140 1920 1240 1973 hoc
1259 1919 1329 1973 est
1352 1959 1368 1984 ,
1399 1938 1509 1972 non
1534 1919 1789 1991 impedire
1824 1920 1898 1974 la-

411 1992 563 2066 psum
590 1996 786 2051 Adami
812 2001 864 2050 &
891 1993 1058 2068 lapsus
1082 1998 1538 2068 propagationem.
1586 1999 1699 2052 Cur
1721 1994 1897 2051 Achas

407 2070 693 2129 idololatra
714 2092 827 2126 non
849 2089 1060 2145 generat
1078 2072 1359 2126 Ezechiam
1376 2066 1697 2126 fibi'firnilem
1715 2079 1735 2129 ἒ
1756 2075 1896 2147 Qa

408 2146 557 2202 Deus
573 2189 590 2215 ἃ
611 2153 697 2221 qui
727 2149 1013 2202 Ezechiam
1036 2148 1261 2223 elegerat
1277 2187 1292 2213 ,
1309 2167 1429 2203 eum
1450 2146 1479 2200 ὲ
1493 2162 1702 2220 paterna
1720 2149 1901 2202 idolo--

381 2276 383 2279 ⁴
406 2220 560 2278 latria
582 2228 808 2299 Spiritus
829 2221 987 2280 saneti
1010 2229 1200 2280 virtute
1224 2223 1489 2280 liberauin
1520 2226 1633 2280 Cur
1654 2221 1894 2294 adulteri,

407 2298 591 2354 ebriosi
611 2342 627 2368 ,
648 2301 944 2373 praedones,
969 2321 1079 2356 non
1100 2299 1301 2374 semper
1323 2304 1546 2374 gignunt
1574 2298 1711 2353 filios
1731 2303 1788 2353 in
1809 2318 1892 2354 ea·

407 2375 532 2430 dem
558 2379 685 2430 vitia
721 2380 1002 2450 praecipites
1025 2386 1047 2438 ἒ
1074 2381 1209 2453 Qia
1233 2379 1360 2430 vitia
1394 2376 1483 2430 illa
1501 2417 1516 2443 ,
1542 2375 1625 2432 vel
1648 2395 1754 2428 non
1776 2394 1895 2449 pro-

407 2467 662 2525 pagantur
685 2455 1005 2525 impediente
1022 2459 1125 2511 Dei
1150 2452 1479 2526 prouidentia
1503 2494 1520 2520 ‚
1548 2472 1658 2525 quae
1676 2444 1893 2507 humani

408 2531 612 2604 generis
634 2526 1018 2602 conseruationi
1042 2530 1289 2610 prospicit
1311 2569 1331 2601 ‚
1369 2529 1452 2588 vel
1476 2544 1766 2605 propagata
1793 2527 1900 2601 tols
