2018 2844
1151 82 1252 157 ‘134

540 162 647 222 Hic
664 161 734 220 D.
759 157 1064 217 Garissolius
1086 162 1267 215 multis
1288 157 1455 217 verbis
1479 163 1497 230 ’,’
1532 159 1592 219 ae
1614 158 1829 237 ”prolatis
1851 161 1943 218 ali·

468 258 600 315 quot
618 236 1125 303 testibusssonfirmat
1140 237 1412 311 Pelagium
1426 239 1626 294 nullam
1641 243 1946 313 imputatio-

468 337 591 372 nem
617 315 860 371 Adamici
882 317 1077 386 peccati
1100 311 1378 369 credidisse.
1424 313 1720 389 Qorsum?
1750 313 1944 370 nescio·

474 396 606 468 Qs
626 394 768 445 enim
789 406 944 462 negat
972 397 993 449 ἒ
1021 391 1109 446 An
1132 405 1401 463 propterea
1420 393 1632 447 Placeus
1658 394 1797 463 paria
1818 388 1946 447 facit:

470 486 592 522 cum
627 466 842 539 Pelagio
874 473 895 524 ἒ
931 466 1129 520 Nonne
1166 466 1335 522 Placei
1369 464 1625 522 sententia
1651 467 1770 522 Pela
1779 470 1944 541 gianae

468 543 777 598 contradicit
790 540 1098 614 apertiffime
1116 549 1138 600 ?
1159 542 1399 616 Pelagius
1413 563 1627 600 omnem
1641 546 1951 615 imputatio«

472 638 599 673 nem
619 620 815 692 peccati
837 617 966 672 Adae
988 618 1267 671 damnabat
1289 659 1305 684 ,
1344 620 1552 674 Placeus
1576 637 1685 672 non
1713 637 1947 688 omnem,

467 693 558 749 sed
579 693 943 748 immediatam
982 692 1251 748 duntaxat.
1297 693 1390 748 Ille
1421 695 1615 750 nullam
1641 697 1951 767 imputatio*-

471 788 591 824 nem
614 771 808 843 peccati
829 767 960 824 Adae
989 770 1171 838 justam
1186 767 1284 825 effe
1308 768 1522 841 putabat
1538 813 1553 839 ,
1578 770 1791 825 Placeus
1812 788 1946 824 non-

467 846 666 900 nullam
684 842 783 901 effe
805 845 1083 899 arbitratur
1099 847 1301 916 justam²
1326 865 1510 920 nempe
1525 846 1824 900 mediatam.
1847 845 1947 901 Ille

472 937 742 994 peccatum
765 919 1022 994 originale
1045 921 1263 996 negabat
1284 962 1300 988 ,
1334 922 1547 978 Placeus
1569 923 1955 993 contra'pecca-

468 1012 584 1052 tum
606 995 860 1071 originale
890 994 1165 1052 confitetur
1196 1001 1249 1052 ὃς
1282 997 1483 1069 probat.
1531 999 1635 1069 Qi
1672 1011 1951 1069 tantopere

470 1091 813 1147 opponuntur
835 1113 853 1139 ,
881 1073 1155 1144 quomodo
1180 1076 1320 1145 paria
1351 1070 1515 1127 facere
1550 1073 1832 1131 dicuntur?
1869 1070 1950 1130 At

468 1165 628 1223 negat
657 1149 897 1223 Pelagius
923 1150 1328 1222 imputationem
1347 1148 1708 1202 immediatam
1738 1188 1754 1213 ‚
1790 1166 1949 1219 quarn

464 1228 627 1278 etiam
655 1225 868 1281 Placeus
886 1239 1056 1297 negat.
1098 1223 1174 1280 At
1197 1263 1213 1291 ,
1234 1227 1445 1296 inquam
1470 1264 1486 1291 ,
1511 1227 1563 1279 in
1584 1222 1651 1277 ea¹
1667 1226 1947 1296 negatione

469 1319 739 1374 nunquam
759 1300 849 1354 fita
869 1298 971 1354 fuit
994 1300 1187 1354 haerefis
1212 1300 1504 1372 Pelagiana.
1546 1299 1675 1354 Non
1701 1299 1947 1371 quicquid

468 1392 558 1430 aut
578 1380 790 1451 negauit
803 1417 819 1443 2
834 1390 922 1429 aut
937 1373 1210 1431 affirmauit
1227 1375 1466 1448 Pelagius
1482 1415 1497 1441 ,
1514 1377 1772 1428 continuo
1790 1374 1947 1428 haere-

469 1455 637 1506 ticum
658 1454 745 1507 est.
786 1456 1158 1522 Percurramne
1183 1451 1274 1505 illa
1299 1453 1481 1504 omnia
1497 1470 1605 1522 quae
1631 1452 1701 1507 D.
1720 1448 1948 1506 Gariffo-

467 1525 567 1580 lius
584 1527 878 1601 pelagianis
898 1527 1082 1582 tribuit
1100 1535 1130 1592 §
1158 1548 1216 1585 v1
1235 1534 1257 1587 ἒ
1279 1528 1384 1586 Illi,
1409 1529 1578 1599 inquit
1595 1567 1610 1593 2
1641 1548 1679 1581 ι.
1704 1537 1767 1597 lu
1807 1531 1944 1578 itiam

462 1606 742 1678 originalem
769 1603 1052 1678 deperditam
1069 1605 1211 1677 fhiffe'
1228 1602 1478 1675 negabant.
1529 1602 1740 1658 Placeus
1757 1600 1945 1662 contra.
1982 1622 2008 1627 ··

465 1679 790 1752 deperditam
809 1677 953 1732 fuis-se
975 1677 1211 1734 affirmat.
1251 1674 1596 1754 Imbjustitiam
1612 1681 1786 1731 nullam
1800 1684 1943 1751 origi-

462 1757 620 1808 nalem
637 1753 919 1827 agnoftebat.
945 1753 1154 1810 Placeus
1169 1756 1418 1826 justitiam
1436 1754 1747 1826 originalem
1760 1750 1947 1828 agnos·

463 1833 556 1884 citt
575 1830 851 1886 sentiebant
866 1850 950 1882 nos
965 1845 1026 1882 vt
1022 1830 1133 1900 sine
1147 1836 1325 1887 virtute
1321 1829 1397 1898 stc
1399 1830 1508 1899 stne
1522 1834 1643 1881 vitio
1657 1832 1794 1901 nesti.
1817 1830 1947 1882 Sen-

463 1909 534 1962 tit
554 1909 762 1963 Placeus
782 1925 877 1960 nos
904 1905 1210 1978 penitisfime
1233 1905 1462 1959 imbutos
1483 1908 1615 1960 vitio
1637 1905 1791 1958 nasci.
1837 1915 1943 1957 Ita-

463 2002 554 2058 que
571 1983 780 2058 infantes
799 1987 851 2035 in
871 1985 946 2035 illo
950 1984 1088 2054 statu
1107 1983 1186 2053 effi
1207 1988 1260 2037 in
1274 1980 1533 2056 qaofherat
1549 1980 1706 2034 Adam
1722 1996 1946 2056 antepra-

463 2065 812 2113 uaricationem.
858 2059 1042 2131 Itaque
1069 2059 1299 2114 infantes
1321 2076 1427 2112 non
1449 2055 1546 2112 effe
1571 2059 1624 2109 in
1651 2076 1717 2109 eo
1738 2058 1866 2112 statu
1886 2059 1944 2112 in

463 2154 571 2209 quo
593 2132 761 2191 fuerat
785 2133 960 2191 Adam
982 2148 1100 2189 ante
1119 2135 1622 2209 praeuaricationem,
1638 2130 1795 2185 sedin
1813 2130 1946 2185 mul-

463 2214 525 2266 to
556 2211 833 2266 deteriore.
897 2233 938 2265 2.
973 2222 1028 2266 N
1033 2228 1168 2264 aturae
1209 2211 1415 2265 humana
1447 2210 1654 2282 aliquam
1679 2207 1738 2260 ab
1763 2211 1944 2280 origine

457 2295 784 2364 corruptionem
805 2284 936 2358 inff
968 2287 1215 2364 negabant.
1260 2288 1471 2344 Placeus
1493 2284 1676 2339 contra
1701 2280 1940 2338 affirmat.

450 2385 499 2425 3·
527 2366 868 2435 Qecessitatem
892 2366 1118 2418 moriendi
1137 2385 1228 2420 non
1249 2360 1481 2418 habebant
1501 2379 1585 2438 pro
1594 2363 1939 2436 poenapeccati,

414 2441 809 2514 Mſsdprostquela
829 2437 886 2499 ό·
903 2442 1158 2498 conditione
1178 2455 1366 2496 natura.
1406 2437 1644 2492 Docebant
1661 2441 1786 2488 enim
1809 2434 1941 2488 Ada-

456 2535 584 2571 mum
586 2516 694 2589 sta:
701 2514 915 2594 peccaffit
935 2558 950 2580 ,
968 2518 1076 2591 stne
1096 2537 1186 2574 non
1208 2513 1426 2593 peccafflt
1444 2555 1460 2580 ,
1501 2520 1789 2571 moriturum.
1822 2509 1942 2587 Plaf
