2018 2844
1176 112 1276 149 120

489 172 774 229 Considera
792 170 919 245 ergo
937 212 952 238 ,
970 172 1160 227 1..εᾶοτ
1181 212 1197 239 ,
1217 167 1511 244 φιίἀροίϊῐς
1533 167 1835 242 respondere
1865 176 1957 232 hai
2016 199 2018 240 ς

490 247 621 322 ipsas
642 253 711 305 D.
737 244 997 316 Gariffolij
1025 290 1040 316 2
1057 248 1240 320 quibus
1266 267 1361 301 nos
1384 262 1686 318 oppugnat,
1706 256 1955 322 rationeS,

491 327 547 378 in
563 324 708 378 illam
724 327 1158 397 propagationem
1172 325 1508 395 retorquenti.
1534 325 1822 396 Qomodo
1841 347 1958 401 pro-
2016 326 2018 381 Ῐ

489 415 706 474 pagatur
731 415 999 473 peccatum
1021 400 1402 455 haereditarium
1417 438 1431 460 ‚
1455 396 1575 451 cum
1595 402 1777 455 animae
1798 443 1815 469 ,
1847 408 1960 478 qui.

491 475 584 528 bus
606 476 818 529 inhaeret
842 517 858 542 2
890 496 1000 529 non
1023 490 1374 550 propagentur
1410 515 1425 540 ,
1465 489 1553 527 aut
1577 475 1910 533 traducantur
1933 487 1956 540 ξ·

490 550 622 605 Non
644 568 792 625 potes
813 551 1095 625 confugere
1113 552 1178 605 ad
1193 554 1361 625 legem
1382 566 1572 604 naturae
1589 591 1604 616 ,
1622 570 1720 622 qua
1735 556 1958 612 morbosi

489 624 761 681 morbosos
786 643 1033 700 generant
1055 667 1070 694 ,
1096 631 1216 697 quia
1245 630 1419 681 anima
1448 643 1555 678 non
1577 640 1877 699 generatur,
1902 636 1959 687 δε

491 715 667 756 tamen
688 703 751 756 ab
776 705 932 756 initio
956 700 1030 756 sui
1057 700 1154 757 effe
1181 706 1380 774 priuata
1400 703 1470 756 est
1495 702 1686 771 justitia
1710 709 1763 759 &
1785 723 1960 761 corru-

489 791 593 850 pta.
636 777 924 854 Qomodo
945 782 1105 833 etiam
1135 777 1302 851 potest
1326 778 1463 832 labes
1486 776 1604 845 illa,
1629 778 1746 834 cum
1770 801 1874 836 non
1899 784 1959 839 fit

487 853 707 925 qualitas
730 848 927 927 physica
947 896 961 921 ‚
980 853 1064 909 sed
1087 853 1296 909 moralis
1314 856 1495 908 haerere
1511 857 1563 906 in
1581 852 1811 916 semine?
1847 857 1960 916 Aut

487 948 588 1003 ego
609 933 942 985 vehementer
963 929 1145 997 fallor,
1168 944 1255 982 aut
1282 950 1389 983 non
1419 932 1610 1003 poteris
1637 930 1716 982 his
1745 937 1959 988 rationi-

486 1004 601 1073 bus·‚
620 1022 867 1081 quatenus
884 1006 1177 1079 simpliciter
1200 1005 1633 1077 propagationem
1651 1011 1844 1078 peccati
1863 1013 1962 1064 im.

485 1097 725 1154 pugnant
747 1123 763 1148 ‚
786 1096 1049 1136 occurrere
1079 1121 1095 1146 ,
1128 1084 1253 1154 quin
1275 1082 1460 1135 eadem
1489 1081 1648 1152 opera
1676 1101 1772 1135 nos
1798 1084 1859 1138 ab
1884 1089 1958 1141 eis

486 1157 683 1227 praestes
704 1160 976 1211 immunes.
1006 1156 1149 1217 Nam
1167 1156 1200 1211 fi
1215 1175 1437 1210 recurras
1453 1156 1516 1209 ad
1531 1159 1957 1231 imputationem,

485 1233 617 1285 nihil
643 1232 893 1306 proficies.
937 1235 1228 1306 imputatio
1249 1236 1388 1287 enirn
1407 1234 1476 1288 est
1499 1236 1635 1286 aotio
1659 1253 1766 1287 non
1785 1234 1960 1291 homi-

484 1310 565 1359 nis
588 1313 879 1381 generantis
898 1306 1020 1376 {sed
1041 1312 1141 1364 Dei
1163 1310 1453 1380 judicantia·
1495 1309 1703 1363 Deinde
1718 1350 1733 1376 ,
1750 1312 1861 1364 vult
1881 1316 1954 1368 D.

485 1382 793 1445 Gariffolius
822 1389 1225 1459 imputationem
1257 1386 1400 1440 illam
1421 1402 1544 1439 tunc
1576 1382 1721 1439 fuiffe
1745 1384 1957 1457 factam,

483 1457 603 1513 cum
625 1460 852 1532 primum
869 1464 1098 1533 peccauit
1116 1461 1462 1528 Adamus‚diu
1484 1476 1762 1532 antequam
1774 1481 1957 1536 propa-

483 1539 630 1606 gatio
649 1534 733 1590 seu
754 1540 1020 1611 generatio
1047 1536 1190 1592 fieret
1215 1558 1225 1591 :
1253 1554 1308 1593 vt
1329 1537 1599 1611 quomodo
1625 1543 1959 1612 propagatio-

483 1614 564 1663 n'is
587 1615 833 1666 naturalis
861 1631 973 1684 pars
999 1613 1168 1685 aliqua
1193 1615 1292 1667 dici
1318 1612 1464 1687 poffit
1494 1654 1510 1680 2
1556 1612 1692 1666 haud
1715 1614 1957 1685 equidem

482 1687 793 1759 intelligam.
841 1688 998 1759 Qod
1029 1688 1061 1741 fi
1095 1709 1182 1762 per
1210 1693 1615 1762 imputationem
1640 1706 1805 1759 poenae
1827 1694 1954 1744 irro-

481 1764 757 1834 gationem
787 1764 855 1817 ob
880 1765 1076 1837 Adami
1112 1781 1380 1838 peccatum
1411 1763 1659 1836 intelligis
1684 1804 1699 1830 ‚
1735 1762 1822 1816 illa
1848 1763 1955 1836 ipsa.

480 1839 734 1911 irrogatio
756 1842 856 1894 Dei
881 1839 1016 1895 actio
1038 1840 1107 1894 est
1125 1881 1140 1908 2
1163 1860 1269 1894 non
1292 1856 1463 1895 autem
1478 1855 1664 1893 naturae
1683 1855 1770 1892 aut
1785 1839 1955 1895 homi-

481 1916 561 1966 nis
577 1918 854 1987 gignentis.
886 1916 1091 1973 Deinde
1113 1916 1202 1971 illa
1219 1935 1376 1989 poena
1400 1957 1416 1984 ,
1439 1935 1547 1989 quae
1572 1914 1751 1971 eadem
1778 1934 1953 1987 pecca-

481 2003 591 2042 tum
621 1991 814 2057 est,vel
833 1993 1133 2064 producitur
1160 1995 1186 2048 a
1208 1997 1482 2066 gignente,
1504 1992 1585 2048 vel
1610 2010 1733 2043 non.
1766 1994 1820 2046 Si
1838 2011 1954 2064 pro-

478 2064 684 2119 ducitur
701 2107 714 2132 ,
730 2067 941 2122 redeunt
964 2068 1247 2140 superiores
1269 2065 1788 2139 ratione5‚quomodo
1810 2070 1953 2138 enim

478 2140 643 2214 potest
659 2142 722 2195 ab
739 2143 957 2198 homine
974 2149 1222 2219 gignente
1253 2145 1464 2218 produci
1482 2157 1745 2217 peccatum
1767 2144 1818 2194 in
1844 2147 1953 2195 ani-

477 2234 561 2270 ma
586 2239 697 2292 quae
719 2219 782 2272 ab
804 2238 866 2272 eo
883 2240 987 2274 non
1011 2224 1279 2295 gignitur?
1301 2224 1355 2276 Si
1381 2240 1487 2274 non
1509 2216 1830 2290 producitur,
1842 2235 1950 2271 cer-

475 2293 527 2347 te.
551 2313 655 2347 non
680 2311 1010 2368 propagatur.
1055 2297 1216 2354 Vides
1236 2315 1360 2368 ergo
1385 2294 1412 2347 a
1430 2298 1499 2350 D.
1523 2291 1804 2350 Gariffolio
1828 2310 1948 2363 prq-

475 2373 772 2442 pagationis
799 2375 993 2445 peccati
1011 2390 1206 2424 nomen
1228 2375 1464 2436 retineri,
1488 2390 1595 2426 rem
1613 2370 1739 2424 vero
1759 2367 1947 2440 siguifi-

472 2462 643 2500 catam
674 2444 808 2500 tolli.
835 2447 998 2511 *Cim-„r
1029 2450 1185 2521 igitur
1209 2450 1264 2499 in
1289 2445 1516 2501 confesso
1544 2446 1602 2500 fit
1629 2487 1644 2513 ‚
1679 2460 1946 2517 peccatum

464 2537 558 2592 per
594 2525 991 2601 gssqeffisslOssffl}
1012 2522 1270 2602 carnalem
1292 2527 1565 2600 propagari
1589 2565 1603 2593 ‚
1640 2525 1789 2598 juxt-a
1809 2518 1941 2593 illud
