2018 2844
740 148 792 189 11

50 209 270 284 'accipin
296 210 392 283 'per
407 202 766 265 Abrahamum
790 152 1105 263 decimatum
1125 205 1522 281 quodammodo

50 289 330 343 decimatus
356 283 500 340 fuisse
522 288 549 341 a
569 285 939 342 Melchisedeco
958 284 1058 337 dici
1076 283 1241 358 possit.

126 362 271 418 Nar'n
288 366 328 415 is
351 362 519 416 adhuc
537 378 643 415 erat
661 365 713 414 in
737 360 923 414 lumbis
947 365 1121 430 patri5‚
1145 361 1263 416 cum
1291 361 1526 419 Abraha-

3 436 6 439 ’
52 457 144 492 mo
170 443 452 492 occurreret
475 434 889 494 Melchisedecus.
933 441 1050 490 Hoc
1069 439 1210 490 enim
1238 443 1411 493 euenit
1437 461 1526 495 an-

54 529 268 586 tequam
286 511 483 566 Isaacus
504 509 625 566 esset
640 515 856 585 genitus.
897 511 958 564 Id
981 511 1121 582 quod
1144 531 1252 565 non
1273 513 1385 568 casu
1403 559 1418 582 ,
1437 513 1524 571 sed

54 587 293 662 singulari
314 592 416 643 Dei
435 589 762 662 prouidentia
783 586 882 640 sine
906 585 1068 654 dubio
1085 587 1288 656 accidit,
1306 609 1368 642 ne
1392 589 1533 663 sepa-
1550 638 1560 650 ,

55 680 169 717 rato
191 664 254 718 eb
275 684 337 717 eo
361 665 505 730 Leui,
521 664 778 720 videretur
808 666 965 717 etiam
982 662 1045 716 ab
1071 680 1134 715 co
1160 678 1283 717 tunc
1304 663 1534 737 separata

58 736 204 794 fuiffe
231 742 450 794 Leuitici
472 738 741 808 sacerdotij
767 739 1005 811 dignitas.
1056 739 1235 811 Itaque
1257 741 1309 794 id
1327 757 1533 815 tempus

57 814 214 887 elegit
230 818 372 871 Deus
396 855 411 880 ,
448 813 564 868 cum
588 817 642 868 in
657 835 760 870 vno
782 813 1083 869 Abrahamo
1101 816 1336 870 nondum
1351 819 1453 871 vlla
1467 819 1533 874 ab

60 908 124 943 eo
141 888 274 945 faeta
292 890 551 944 haeredum
567 887 903 963 separatione,
917 893 1087 942 omnis
1102 890 1411 961 posteritatis
1424 897 1533 962 ejus

60 962 339 1026 secundum
363 984 569 1019 carnem
591 969 734 1019 vnita
758 969 1108 1018 contineretur
1139 965 1362 1038 dignitas
1386 1009 1401 1035 ,
1425 988 1537 1040 quae

64 1037 155 1093 suo
172 1042 383 1096 tandem
405 1057 640 1112 tempore
655 1045 788 1096 inter
803 1045 909 1111 ejus
924 1039 1058 1095 filios
1071 1043 1142 1093 ita
1162 1043 1231 1094 est
1245 1041 1533 1114 distributa,

64 1130 120 1168 vt
135 1113 459 1170 sacerdotalis
483 1118 750 1188 dignitatis
771 1118 895 1170 Leui
912 1159 926 1184 ,
953 1120 1098 1189 regiae
1115 1117 1244 1169 iuda
1268 1119 1421 1173 haeres
1450 1119 1539 1175 fie-

63 1207 155 1243 ret.
201 1192 360 1261 Qod
378 1192 409 1244 si
426 1195 536 1264 quis
553 1194 576 1242 a
604 1211 686 1244 me
704 1193 902 1264 flagitet
920 1233 934 1258 ,
948 1211 1002 1246 vt
1020 1196 1273 1247 rationem
1294 1194 1538 1266 Apostoli

62 1266 357 1341 Syllogil'mi
378 1265 544 1320 forma
565 1269 807 1335 induam:
835 1271 877 1319 is
900 1268 964 1321 fic
984 1272 1175 1339 poterit
1197 1274 1536 1353 concipi.Qi

63 1341 300 1415 singulari
323 1345 426 1396 Dei
459 1345 788 1414 prouidentia
821 1359 943 1396 tunc
963 1346 1031 1397 est
1056 1343 1336 1397 decimatus
1360 1387 1376 1413 ,
1420 1349 1561 1403 cum'

67 1417 233 1471 adhue
250 1421 302 1470 in
322 1416 421 1470 sese
440 1418 707 1488 [acerdotij
731 1420 948 1473 Leuitici
966 1420 1543 1492 dignitatem‚nondum

66 1491 168 1546 vlla
191 1491 325 1548 facia
363 1495 425 1547 ab
461 1513 525 1547 eo
560 1493 882 1567 separatione
908 1534 922 1559 ,
940 1510 1109 1548 totam
1132 1497 1420 1549 contineret
1446 1540 1462 1565 ,
1485 1503 1541 1553 in

68 1584 132 1619 eo
157 1569 415 1622 decimato
440 1567 605 1642 ipsum
634 1567 977 1623 sacerdotium
1001 1572 1290 1623 Leuiticum
1313 1611 1328 1636 2
1348 1569 1430 1625 seu
1452 1574 1544 1648 ipsi

69 1641 262 1704 Leuitae
286 1643 567 1698 sacerdotes
589 1685 603 1708 2
629 1660 685 1698 vt
707 1648 780 1697 ita
803 1645 985 1717 loquar
1009 1687 1023 1712 ,
1047 1646 1296 1699 decimati·
1313 1646 1539 1704 fuerunt.

70 1717 236 1791 Atqui
270 1719 508 1792 singulari
538 1722 640 1774 Dei
664 1721 992 1792 prouidentia
1015 1739 1135 1775 tunc
1160 1724 1227 1776 est
1257 1721 1541 1779 decimatus

69 1793 396 1849 Abrahamus
415 1837 429 1864 ,
462 1815 580 1850 cum
606 1796 773 1849 adhuc
793 1801 847 1849 in
881 1795 983 1850 sese
1004 1797 1286 1867 SacerdOtij
1319 1800 1547 1854 Leuitici'

70 1869 387 1941 dignitatem
412 1912 426 1936 ‚
462 1873 698 1926 nondum
726 1872 828 1926 vlla
851 1871 987 1928 faeta
1016 1874 1080 1927 ab
1110 1893 1173 1948 eo
1198 1870 1540 1946 separatione,

70 1958 240 1999 totam
263 1950 566 2000 contineret.
628 1950 768 2021 Ergo
790 1952 842 2001 in
872 1968 935 2001 eo
968 1951 1227 2005 decimato
1260 1949 1452 2006 Leuitae
1477 1948 1550 2007 sa-

71 2022 306 2077 cerdotes
339 2064 353 2088 ‚
387 2038 441 2077 vt
481 2026 551 2076 ita
589 2023 770 2096 loquar
802 2065 818 2091 2
863 2026 1106 2079 decimati
1141 2023 1365 2079 fuerunt.
1430 2034 1549 2085 Hoc

70 2099 213 2148 enim
237 2138 252 2163 ,
291 2115 347 2153 vt
373 2103 443 2152 ita
477 2099 678 2166 dicam,
712 2099 1019 2173 homagium
1054 2102 1415 2156 Sacerdotium
1452 2106 1549 2158 Le-

67 2175 287 2227 uiticum
305 2193 394 2247 per
410 2174 770 2229 Abrahamum
787 2186 811 2239 ‚¹
827 2181 880 2227 in
900 2197 1002 2240 quo
1021 2177 1403 2244 continebatur,
1419 2182 1546 2234 Mel-

72 2247 337 2304 chisedeco
353 2251 603 2303 exhibuit.
670 2252 794 2303 Non
811 2255 954 2303 enim
974 2252 1112 2304 aliud
1124 2251 1306 2304 habuit
1328 2253 1453 2306 Leui
1472 2254 1547 2308 sa-

75 2324 365 2379 cerdotium
391 2367 407 2392 ,
440 2326 603 2400 quam
634 2326 772 2398 quod
811 2328 874 2379 ab
897 2326 1200 2381 Abrahamo
1225 2327 1550 2383 haereditario
1591 2385 1594 2391 ,

76 2396 183 2463 jure
197 2418 464 2473 acceptum
481 2443 495 2469 ,
518 2406 635 2457 Deo
653 2404 964 2474 attribuente
985 2410 1035 2458 δέ
1056 2401 1345 2470 formante,
1371 2408 1457 2477 ipsi
1473 2410 1552 2461 in-

77 2469 280 2527 dultum
300 2475 415 2530 fuit.
459 2482 596 2533 Hinc
614 2520 630 2546 2
649 2478 873 2549 opinor,
896 2479 1551 2554 LeCiorvbeneuoleperspi-

79 2549 150 2620 cis
171 2586 189 2617 ,
221 2566 337 2627 cuin
360 2556 608 2633 inuiciam
635 2553 732 2631 effe
761 2555 1020 2634 rationem
1041 2553 1325 2632 Apostoli,
1353 2572 1470 2611 tum
1494 2561 1571 2628 1¹¹1.
