2018 2844
282 88 373 142 DF.
427 89 523 144 Co
545 82 599 143 Ms
642 90 860 144 'MORT'E'
918 86 1277 142 ’Μοιὶῖἐῐὶἰξὲ
1424 88 1533 162 Ξὸξ

74 163 202 213 tiam
215 165 416 235 exigere
438 181 494 218 vt
514 166 699 218 iustitia
717 166 977 222 violetur?
1001 161 1227 217 satisfieri
1250 160 1447 217 iustitiae
1470 184 1533 218 eo

30 255 34 260 ·
75 253 179 304 quo
197 238 382 290 iustitia
398 239 583 308 leditur
600 247 621 297 ἓ
640 239 765 293 solui
785 259 949 312 poenae
971 239 1201 292 debitum
1215 257 1277 291 eo
1292 278 1306 303 ,
1329 257 1432 308 quo
1451 239 1534 291 de·

19 341 29 359 ⁴-
73 309 242 361 bitum
263 312 389 366 illud
405 321 648 387 augetur?
669 315 897 387 Adiungi
916 329 1167 386 praecepto
1183 355 1198 381 ,
1216 333 1278 366 ne
1294 313 1535 379 violetur,

16 424 21 430 ,
75 391 538 444 comminationem
565 409 729 463 poenae
751 390 848 443 fitae
871 394 925 443 in
948 388 1233 444 violatione
1255 394 1488 461 praecepti
1512 397 1534 448 ἓ

74 477 235 532 pergo
261 466 431 535 igitur.

157 539 350 610 Qarta
369 542 522 607 ratiO,
543 559 698 612 poena
716 539 920 613 proprie
942 538 1075 592 dieta
1099 536 1199 591 s1ue
1219 556 1360 591 mors
1381 557 1538 610 quam

75 608 159 663 lex
187 615 598 668 comminabatur
616 613 756 686 sequi
781 616 955 668 debuit
979 613 1308 685 quaestionem
1327 632 1384 667 ac
1410 617 1544 684 judi-

79 689 220 740 cium
250 691 352 742 Dei
380 690 440 742 de
480 691 765 744 violatione
803 691 939 744 illius
974 689 1117 760 legis.
1172 689 1272 741 Sed
1313 688 1539 760 priuatio

78 762 276 816 iustitiae
293 764 392 818 fiue
413 784 551 823 mors
573 764 1190 837 spiritualisquaestionem
1213 781 1271 816 ac
1291 763 1537 819 iudicium

80 838 184 890 Dei
208 839 270 891 de
290 840 576 894 violatione
600 845 725 913 legis
746 839 953 912 sequuta
969 858 1076 892 non
1101 839 1170 892 est
1189 879 1205 904 ‚
1221 837 1304 890 sed
1323 837 1541 893 anteces-

79 911 269 966 fitznon
281 913 378 968 fuit
395 918 552 987 igitur
567 934 721 988 poena
734 915 936 993 proprie
954 913 1210 980 dicta‚fiue
1226 931 1366 967 mors
1384 931 1539 987 quam

79 984 163 1041 lex
184 991 608 1045 comminabatur.

157 1067 355 1136 Qnta
381 1066 596 1137 denique
620 1068 750 1119 ratio
772 1107 788 1133 ,
815 1064 839 1139 (
861 1078 1060 1119 caeteras
1083 1067 1223 1119 enim
1242 1061 1466 1136 differre,
1485 1067 1540 1120 &

81 1141 133 1191 in
150 1140 309 1193 alium
330 1141 500 1194 locum
521 1139 753 1194 conferre
769 1138 920 1194 satius
944 1143 1056 1193 erit.
1076 1139 1100 1213 )
1149 1142 1204 1194 Si
1227 1137 1312 1192 lex
1331 1139 1542 1194 Adamo

81 1229 304 1268 mortem
335 1215 479 1269 fitam
501 1218 553 1268 in
575 1220 867 1286 priuatione
887 1216 1085 1269 iustitiae
1110 1215 1543 1282 comminabatur,

83 1289 315 1343 Adamus
338 1289 362 1364 (
378 1307 431 1346 vt
445 1306 499 1344 tu
512 1287 713 1362 afferis)
733 1306 869 1365 prout
888 1302 1012 1344 Deus
1027 1287 1542 1361 minatusfherat,Mor—

81 1379 184 1417 taus
201 1368 274 1435 cst.
321 1366 382 1418 Id
399 1383 571 1419 autem
591 1366 721 1419 mihi
743 1364 926 1418 falsum
941 1365 1160 1418 videtur.
1189 1366 1332 1418 Nam
1349 1368 1544 1436 primo,

82 1443 166 1493 Tu
191 1480 206 1504 ,
229 1442 443 1510 opinor,
471 1440 644 1494 fateris
666 1441 874 1496 Adamo
897 1440 1255 1494 condonatum
1278 1437 1423 1494 fuiffe
1445 1444 1546 1512 pri-

83 1534 229 1569 mum
259 1515 391 1569 illud
429 1532 696 1586 peccatum
725 1555 741 1581 ‚
776 1510 1096 1569 numeiando
1134 1515 1365 1587 alioquin
1410 1517 1545 1569 inter

83 1588 355 1644 damnatos
382 1610 391 1641 ε
417 1609 527 1643 non
547 1593 733 1665 igitur,
759 1606 914 1662 prout
937 1593 1079 1644 Deus
1107 1593 1335 1642 minatus
1359 1587 1546 1656 fuerat,

84 1680 318 1719 mortuus
351 1666 436 1718 est·
499 1671 741 1740 Pugnant
772 1668 912 1717 enim
942 1665 1046 1718 haec
1075 1665 1177 1718 duo
1216 1705 1234 1730 ,
1262 1663 1549 1718 condonari

83 1743 348 1811 peecatum
380 1745 431 1794 &
458 1743 627 1812 puniri
662 1738 945 1795 secundum
974 1739 1159 1812 legem.
1202 1739 1410 1795 Deinde
1428 1779 1443 1806 ,
1462 1743 1549 1794 Tu

84 1832 175 1885 per
205 1830 431 1871 mortem
462 1817 824 1870 denunciatam
845 1818 1255 1869 comminatione
1276 1815 1386 1868 titm
1399 1830 1550 1870 mor·-

82 1903 193 1941 tem
213 1894 441 1962 corporis
464 1895 516 1944 &
537 1908 778 1945 aeternam
802 1891 1051 1962 intelligis
1080 1928 1096 1955 2
1120 1887 1279 1962 quilm
1316 1887 1550 1962 spiritua-

86 1963 189 2017 lem
211 1964 370 2018 illam.
393 1966 856 2039 Pertinebatigitur
878 1965 1017 2036 aeque
1039 1965 1103 2017 ad
1122 1968 1393 2019 veritatem
1407 1983 1549 2021 corn·

87 2042 390 2094 minationis
408 2041 718 2095 &iustitiam
744 2080 760 2107 ,
779 2056 866 2107 vt,
896 2058 1002 2112 quo
1024 2039 1104 2092 die
1121 2038 1294 2112 legem
1313 2040 1550 2108 violauit‚

88 2114 276 2168 eodem
296 2131 404 2171 tam
433 2117 682 2190 corpore&
704 2121 755 2171 &
788 2116 975 2170 aeternzi.
995 2114 1207 2183 morte,
1231 2113 1388 2187 quitm
1409 2111 1554 2187 spiri-

88 2189 216 2252 tuali
239 2206 537 2247 moreretur.
581 2196 784 2247 Tamen
801 2190 990 2244 eodem
1017 2189 1100 2242 die
1131 2206 1369 2244 neutram
1389 2187 1554 2262 paffus

89 2265 160 2317 est
174 2305 191 2331 ,
211 2282 453 2320 aeternam
469 2283 645 2321 autem
661 2285 926 2339 nunquam
945 2263 1206 2334 subijt2aut
1219 2262 1424 2319 subibit.
1440 2267 1554 2321 Cur

92 2356 199 2391 non
213 2346 383 2412 potuit
400 2342 611 2398 Adamo
628 2346 812 2398 mortis
831 2339 1108 2415 spiritualis
1119 2341 1260 2414 aeque
1282 2359 1341 2394 ac
1356 2356 1554 2396 aeternae

93 2430 250 2483 poena
280 2419 600 2478 condonari?
627 2434 717 2472 aut
748 2417 929 2473 saltem
954 2414 1186 2477 differri?
1215 2420 1310 2474 His
1348 2417 1557 2472 accedat

91 2489 362 2569 §crimme
381 2494 810 2574 Ξθὲἒίῑὲεῆηῑμφε
846 2492 1096 2573 992112013}
1128 2495 1273 2573 5919}
1302 2489 1558 2571 sqmmam
