2018 2844
201 146 295 200 DE
325 138 587 198 31·ἰὲἰὶῡὲ
629 139 1283 199 ςῖἷιῖἶῖτνῖἆὲήῦεῖ
1383 140 1512 215 ΞΒῘ

40 222 196 277 ditos,
238 215 354 291 Ipse
384 221 634 291 imperat,
668 216 858 272 subditi
891 235 1226 291 exequuntur.
1288 213 1408 288 Ipse
1435 217 1511 272 est

43 293 188 350 causa
206 294 500 366 principalis
515 334 530 359 ‚
551 293 738 348 subditi
754 295 1152 348 instrumentalis
1177 315 1187 344 ι
1224 292 1374 346 acini
1395 292 1508 364 ipfi,

41 376 129 442 qui
151 369 290 423 bello
312 367 360 423 se
380 388 486 422 non
507 363 796 425 immiscent
820 410 836 436 ,
863 366 1052 422 subditi
1071 385 1311 423 tenentur
1335 386 1510 439 parere

41 450 170 520 Regi
190 487 206 512 ,
225 464 442 518 eumque
463 465 554 517 pro
578 446 769 500 viribus
790 448 918 497 tueri
944 448 994 498 δε
1018 448 1208 499 iuuare.
1271 442 1509 498 Adamas

41 526 166 576 vero
192 526 418 592 peccauit
444 520 575 574 solus
608 561 624 586 ,
646 518 749 592 ipse
778 518 865 572 fibi
885 559 899 583 ,
929 539 1034 572 non
1068 521 1217 573 nobis
1239 534 1509 590 peccatum

39 596 168 650 illud
189 594 331 650 suum
362 599 638 668 imperauit
669 620 688 660 3
721 592 826 667 ipse
847 592 985 648 solus
1010 595 1151 666 quod
1180 592 1269 646 fibi
1294 596 1511 665 impera-

38 675 117 725 uit
150 713 165 738 ‚
206 672 472 728 mandauit
513 673 841 736 executioni,
879 674 931 723 &
960 688 1113 742 opere
1136 667 1365 742 perfecit.
1409 672 1510 722 Po-

43 748 293 801 sterorum
315 765 471 800 nemo
493 750 684 800 aCtioni
721 745 795 798 ini
829 743 1066 799 interfuit
1100 786 1116 811 ,
1150 760 1238 797 aut
1275 758 1511 797 mentem

40 840 317 876 manumve
333 823 570 876 admouit
597 819 756 875 suam.
782 820 1084 893 Nonigitur
1101 818 1204 892 ipse
1217 817 1362 872 causa
1375 822 1514 891 prin-

40 898 215 969 cipalis
237 895 336 950 fuit
351 897 484 951 illius
499 900 694 969 peccati
719 938 734 963 ,
757 896 943 967 posteri
966 893 1122 948 causae
1155 896 1513 949 instrumenta-

38 971 130 1024 les.
187 973 319 1025 Non
338 973 404 1025 ad
429 973 862 1027 committendum
898 969 1026 1024 illud
1056 985 1322 1043 peccatum
1346 988 1440 1023 nos
1461 972 1513 1021 ei

41 1062 98 1099 vt
115 1047 345 1100 membra
362 1088 378 1115 2
396 1063 452 1100 vt
473 1067 662 1121 organa
681 1088 697 1112 ,
716 1063 772 1101 vt
792 1044 1000 1113 subditi,
1014 1046 1096 1100 vel
1116 1043 1297 1098 famuli
1312 1063 1516 1098 accom-

41 1122 372 1175 modauimus
387 1163 401 1188 ,
418 1120 502 1176 sed
519 1121 624 1194 ipse
639 1121 774 1175 solus
791 1163 806 1188 ,
828 1136 884 1175 vt
900 1137 1022 1174 tunc
1045 1121 1252 1174 extabat
1266 1123 1320 1172 in
1340 1138 1511 1174 rerum

43 1212 225 1250 natura
252 1237 267 1263 ,
301 1202 374 1250 ita
400 1214 666 1269 peccatum
689 1197 819 1250 illud
848 1215 935 1267 per
963 1194 1014 1250 se
1044 1193 1213 1267 ipsum
1237 1194 1517 1262 commisit,

44 1290 139 1325 nec
171 1273 490 1344 posterorum
521 1271 792 1344 quisquam
815 1272 891 1323 illi
930 1269 1118 1324 adfuit.
1198 1270 1402 1325 Bellum
1441 1270 1514 1323 est

43 1364 320 1402 commune
343 1351 499 1421 Regis
527 1354 579 1403 &
610 1345 933 1401 subditorum
962 1365 1091 1419 opus
1120 1385 1135 1411 ,
1159 1342 1317 1417 fitque
1349 1344 1378 1397 ἐι
1402 1362 1516 1398 cor·-

46 1440 169 1493 pore
185 1427 329 1495 regni
361 1442 371 1473 ε
398 1439 662 1494 peccatum
691 1421 887 1476 aestuale
908 1420 1103 1476 Adami
1126 1461 1142 1486 2
1163 1436 1223 1473 vt
1242 1436 1300 1474 tu
1320 1416 1518 1491 ipselo-

44 1501 211 1567 queris
228 1537 242 1562 ,
264 1501 408 1551 vnius
425 1496 646 1570 personae
663 1495 778 1551 fuit.
823 1497 1058 1567 Septimo
1080 1501 1100 1561 '³
1127 1498 1321 1567 peccati
1344 1498 1517 1566 impu-

44 1576 179 1625 tatio
203 1614 220 1639 ,
253 1577 305 1626 δε
335 1592 500 1646 poenae
528 1573 748 1626 inflictio
770 1613 785 1638 ,
810 1575 1038 1626 actiones
1065 1569 1182 1625 sunt
1214 1569 1518 1623 iudiciariae..

33 1647 175 1700 ‚Fieri
196 1647 422 1702 debent&
436 1648 602 1701 iudice
617 1647 1061 1719 secundumleges.
1104 1647 1212 1700 Lex
1228 1661 1400 1699 autem
1423 1644 1518 1710 est,

45 1728 219 1775 Anima
242 1741 334 1795 qtae
341 1729 600 1797 peccauerit
614 1723 706 1796 tpfh
727 1728 957 1776 morietur.
1001 1731 1057 1774 N
1059 1740 1116 1773 on
1131 1722 1263 1792 feret
1287 1725 1519 1792 iniquita-

46 1812 140 1849 tem
144 1799 247 1870 filq'
257 1817 414 1873 pater,
437 1819 520 1852 nec
530 1801 682 1873 patrii
694 1799 843 1877 filius.
899 1797 1103 1853 Contri
1137 1800 1193 1848 in
1215 1796 1355 1849 bello
1378 1796 1517 1868 leges
1535 1864 1538 1867 Δ

45 1870 190 1926 filent
211 1913 227 1938 ,
259 1879 311 1928 &
339 1913 356 1938 ,
376 1890 431 1928 vt
457 1877 510 1927 in
534 1875 663 1928 statu
697 1872 993 1944 perturbato
1021 1912 1037 1937 ,
1069 1874 1245 1925 omnia
1276 1875 1327 1927 vi
1363 1869 1511 1925 fiunt:

48 1965 142 2001 nec
161 1946 272 2002 finis
304 1949 373 2001 est
387 1965 442 2001 vt
466 1946 554 2001 fiat
580 1950 798 2011 iustitia,
819 1945 907 2001 sed
923 1949 1138 1999 vietoria
1163 1986 1188 2011 ,Α
1207 1949 1349 1999 cuius
1369 1943 1519 2001 causa

46 2040 169 2094 gens
190 2027 270 2076 cui
292 2023 487 2077 bellum
506 2020 727 2076 infertur
751 2021 882 2075 inid
910 2039 1071 2075 vnum
1087 2019 1285 2075 intenta
1314 2022 1384 2075 est
1413 2060 1431 2087 ,
1459 2035 1519 2076 vt

46 2096 291 2152 inferenti
309 2097 681 2153 incommodet.
746 2100 1013 2172 Qoniam
1039 2110 1213 2150 autem
1237 2100 1394 2169 Regis
1428 2114 1522 2169 po-

50 2177 213 2227 tentia
242 2177 298 2227 in
328 2173 651 2229 subditorum
676 2172 1012 2228 multitudine
1030 2176 1083 2226 &
1103 2172 1288 2244 opibus
1310 2173 1399 2225 fita
1415 2172 1519 2238 est,

49 2265 163 2303 eam
179 2264 234 2304 vt
255 2265 477 2304 atterant
491 2290 507 2316 ‚
534 2253 585 2303 &
608 2252 923 2304 imminuant
942 2288 959 2315 ‚
983 2251 1036 2302 δε
1056 2261 1292 2300 euertant
1317 2286 1333 2311 ,
1352 2244 1522 2301 subdi-

51 2337 135 2375 tos
154 2327 283 2399 Regi
309 2345 401 2399 pro
422 2326 616 2382 viribus
632 2365 650 2391 ,
686 2329 737 2379 δε
760 2324 912 2379 bonis
940 2364 957 2390 ‚
987 2328 1039 2379 &
1060 2325 1172 2377 vita·
1192 2319 1410 2395 spoliare
1436 2342 1522 2378 co-

53 2413 240 2452 nantur
263 2419 276 2451 :
316 2405 371 2456 in
392 2421 497 2474 quo
517 2399 696 2474 scopus
722 2400 793 2454 est
814 2404 867 2456 &
899 2402 1007 2473 regi
1033 2398 1162 2471 aegre
1191 2396 1354 2452 facere
1374 2442 1394 2468 ,
1422 2402 1524 2456 illi-

53 2492 153 2544 que
192 2477 582 2532 incommodare
603 2517 620 2544 ,
651 2481 704 2532 &
731 2472 779 2529 se
817 2480 982 2542 tueri,
1015 2493 1072 2528 ac
1102 2472 1285 2547 opibus
1316 2493 1518 2552 augere,

28 2583 33 2587 ·
56 2549 202 2626 Ποιιξ
215 2552 338 2626 veto
355 2551 472 2629 etim
490 2567 758 2628 peccatum
777 2551 1077 2616 homiuibus
1097 2552 1322 2621 imputat
1339 2555 1391 2611 δι
1411 2556 1523 2627 vin:

1117 2628 1210 2697 ΚΞ
1265 2644 1305 2698 .2,-
