2018 2844
455 96 566 146 242
818 75 989 132 MAN·
1049 78 1250 129 Ροςτ.
1314 74 1630 135 ΕΑΡ.νῙ.

450 161 510 199 rit
521 157 732 215 Scriptura
743 150 968 197 Adamum
979 150 1049 211 effe
1067 150 1505 212 peccatumnostrum
1530 185 1543 206 ,
1558 152 1668 215 ficut
1682 150 1795 198 dixit
1805 148 1932 198 Chri-

442 217 554 280 stum
566 219 636 280 effi’
651 216 853 261 iustitiam
868 215 1080 260 nostram.
1573 220 1579 232 ¹

515 328 586 373 PL
597 324 700 371 AC.
732 321 951 384 Agnoscit
971 338 1082 386 ergo
1094 323 1159 368 vir
1174 320 1333 371 ἀοᾶὶυς
1352 340 1441 370 non
1456 324 1614 371 eodem
1640 321 1813 385 prorsus
1827 323 1931 370 mon*

452 390 514 438 do
532 406 605 451 per
620 387 781 434 Adami
795 385 1140 433 inobedientiam
1156 404 1238 433 nos
1264 404 1410 435 coram
1428 386 1637 434 tribunali
1662 389 1745 434 Dei
1765 387 1931 436 consti-

450 457 513 501 tui
532 466 780 515 peccatores
795 479 807 500 ‚
836 467 932 511 quo
950 468 1026 513 per
1043 451 1209 496 Chi-isti
1222 452 1520 499 obedientiam
1545 450 1847 500 constituimur
1862 456 1930 498 iu-

452 521 526 566 sti:
557 531 691 580 taque
704 532 791 561 non
811 514 895 560 effe
923 517 1162 580 vrgcndam
1180 517 1296 562 illam
1312 517 1637 564 similitudinem
1657 546 1671 568 ,
1695 516 1812 579 quafi
1830 518 1933 573 nul--

453 584 544 630 lum
561 582 664 629 effer
679 587 720 627 in
735 580 855 625 modo
873 580 1099 626 discrimen
1117 600 1127 626 z
1144 580 1225 626 hoc
1243 583 1346 630 vero
1362 583 1426 628 est*
1438 598 1579 629 totum
1594 611 1609 635 ,
1625 582 1751 644 quod
1768 581 1846 628 hac
1859 585 1928 627 in-

453 648 755 711 terrogatione
773 674 787 696 ,
809 644 1024 705 fiquidem
1051 643 1102 690 ef*-
1130 643 1274 690 sumus
1297 645 1356 692 vfi
1386 677 1401 699 ,
1438 646 1629 710 probare
1651 645 1932 693 instituimus.

452 717 605 771 Quare
625 727 705 772 pro
721 707 872 759 nobis,
900 726 989 754 non
1015 723 1167 755 contra
1188 710 1268 755 nos
1285 709 1376 756 haec
1391 715 1480 757 eius
1506 711 1662 756 militat
1685 709 1936 773 responsio.

452 778 677 829 Videntur
699 789 845 818 tamen
861 777 902 819 in
925 775 1189 835 eaquaedam
1213 774 1347 837 digna
1359 775 1715 839 reprehensione.
1755 773 1932 821 mudin

453 845 607 907 primis
621 871 635 892 ,
649 835 775 900 quod
789 841 846 882 ait
858 870 869 889 ‚
887 837 1089 883 iustitiam
1109 837 1472 886 Chnffinostram
1486 857 1578 886 non
1595 838 1676 885 effe
1691 838 1767 885 nisi
1782 844 1934 900 impu-¹

453 910 649 955 tatione:
672 919 770 948 nam
787 899 816 945 fi
832 900 1026 948 similiter
1042 932 1055 954 ,
1068 917 1112 948 vr
1129 902 1278 964 passim
1293 904 1523 949 contendit
1536 938 1547 958 ,
1563 920 1791 968 peccatum
1812 902 1933 950 Ada-

453 974 517 1021 mi
540 967 736 1016 nostrum
750 977 839 1011 non
854 964 912 1011 est
928 965 1005 1012 nifi
1024 969 1315 1027 imputatione
1327 998 1341 1020 ‚
1365 969 1525 1015 eodem
1540 968 1678 1013 modo
1691 967 1823 1021 ambo
1849 983 1932 1012 no-

453 1036 541 1085 stra
556 1033 668 1086 sunt,
682 1047 761 1077 nec
779 1045 829 1077 ea
846 1034 889 1077 in
905 1047 949 1076 re
963 1032 1098 1082 vllum
1112 1030 1172 1076 est
1188 1031 1431 1077 discrimen.
1459 1031 1501 1077 id
1516 1031 1642 1094 quod
1658 1046 1935 1095 pugnatcum

452 1096 683 1162 Apostolo
695 1127 709 1147 ,
732 1097 973 1141 maximum
990 1099 1032 1140 in
1047 1094 1200 1147 modo,
1224 1109 1320 1158 quo
1333 1095 1488 1143 nostrae
1505 1095 1781 1155 [unt,iustitia
1795 1094 1932 1143 Chri-

451 1158 979 1212 sti&iniustitiaAdami,
1005 1157 1237 1206 discrimen
1259 1164 1496 1213 innuente,
1523 1159 1754 1207 cumillam
1780 1159 1936 1224 appel-

451 1231 513 1276 lat
528 1228 694 1273 donum
709 1257 722 1278 ,
745 1229 786 1270 δι
807 1226 990 1286 gratiam
1007 1254 1022 1275 ,
1037 1229 1081 1271 δε
1111 1223 1400 1270 donationem
1425 1241 1523 1286 quae
1540 1224 1671 1270 estex
1689 1228 1822 1288 gratia
1842 1245 1855 1269 :
1878 1222 1936 1269 fic

454 1296 573 1342 enim
588 1289 773 1335 modum
787 1286 1001 1349 fignificat
1014 1303 1108 1349 quo
1126 1286 1176 1333 fit
1191 1286 1358 1336 nostra:
1376 1305 1470 1351 quo
1483 1289 1622 1336 modo
1633 1288 1830 1336 nostrum
1853 1303 1936 1334 nec

454 1358 623 1407 fadhtm
638 1353 697 1400 est
711 1384 724 1405 ‚
747 1369 801 1399 ne
814 1351 910 1401 fieri
927 1355 1075 1415 potuit
1093 1352 1252 1398 Adami
1267 1367 1507 1413 peccatum.
1538 1352 1712 1399 Deinde
1725 1353 1936 1414 quorsum

454 1420 658 1470 obseruat
678 1418 903 1471 hocloco,
934 1416 1136 1463 iustitiam
1152 1415 1315 1463 Christi
1332 1420 1559 1480 propriam
1582 1447 1597 1470 ,
1629 1434 1721 1463 non
1744 1418 1829 1464 esse
1851 1421 1938 1474 κιο-ζ

453 1487 586 1535 stram
603 1480 677 1528 nifi
693 1479 982 1544 imputatione
998 1514 1012 1535 ,
1028 1479 1057 1526 fi
1079 1480 1355 1528 idem'censer
1370 1480 1424 1526 de
1438 1496 1620 1544 peccato
1633 1481 1759 1543 quod
1771 1482 1939 1529 Adami

454 1550 517 1599 est
534 1550 764 1613 proprium
780 1578 792 1599 ,
817 1546 861 1591 id
878 1545 1069 1592 similiter
1083 1563 1174 1592 non
1186 1542 1270 1591 effe
1283 1544 1482 1592 nostrum
1509 1545 1586 1592 nisi
1612 1550 1672 1593 im
1683 1551 1940 1608 putatione?

455 1612 584 1670 Quid
602 1615 719 1657 enim
737 1611 820 1656 hoc
836 1609 942 1655 facit
954 1610 1007 1657 ad
1023 1609 1250 1657 discrimen
1265 1612 1374 1657 inter
1391 1609 1623 1658 Christum
1649 1617 1693 1659 &
1717 1610 1940 1658 Adamum

455 1675 773 1741 explicandum
801 1681 819 1723 ?
847 1674 989 1737 Qod
1005 1673 1033 1719 fi
1051 1674 1095 1720 id
1111 1691 1199 1720 non
1216 1673 1361 1719 censet
1386 1705 1399 1725 ,
1421 1673 1500 1721 fibi
1524 1675 1616 1738 ipse
1655 1675 1938 1721 contradicit.

456 1746 628 1807 quippe
642 1743 717 1801 qui
733 1740 776 1786 id
801 1739 1037 1800 aliquoties
1058 1738 1313 1785 inculcauit.
1361 1739 1602 1793 Praeterea,
1626 1738 1657 1784 fi
1679 1738 1740 1785 est
1766 1735 1937 1800 aliquid

456 1811 501 1855 in
523 1805 650 1853 nobis
674 1808 894 1849 internum
917 1808 961 1851 &
989 1802 1200 1851 inhaerens
1226 1804 1350 1860 cujus
1372 1807 1531 1849 merito
1570 1803 1936 1849 condemnationi

455 1872 756 1931 subjacemus,
781 1883 856 1913 cur
874 1883 934 1912 eo
955 1870 1114 1913 merito
1139 1882 1282 1930 eaque
1309 1866 1682 1914 condemnatione
1707 1883 1798 1913 non
1832 1872 1948 1914 con-'

456 1939 595 1987 tenti,
621 1933 827 1979 volumus
841 1932 961 1978 aliud
978 1945 1210 1994 peccatum
1230 1946 1358 1977 extra
1368 1946 1451 1976 nos
1469 1930 1660 1994 pofitum
1682 1931 1940 1980 immediate.

455 2001 697 2063 imputari?
736 1998 950 2060 Nempe,
976 2000 1148 2058 inquies
1165 2030 1178 2048 ,
1212 2012 1257 2043 vt
1283 1993 1334 2041 fit
1356 1995 1480 2042 huius
1502 1999 1661 2043 interni
1674 1993 1828 2050 causa,
1849 2012 1944 2058 quo¹

456 2065 905 2128 alioquicareremus.
954 2060 1367 2124 Deletstaturigitur
1385 2063 1505 2108 Deus
1521 2062 1603 2107 hoc
1628 2064 1807 2109 interno
1832 2068 1942 2123 pec-2

457 2147 583 2182 cato,
614 2131 784 2190 quippe
807 2131 884 2190 qui
899 2124 1088 2174 finevlla
1102 2124 1348 2174 neeeffitate
1367 2124 1503 2173 libere
1532 2124 1661 2173 nobis
1684 2124 1792 2172 illud
1819 2130 1945 2173 extra

457 2211 541 2243 nos
557 2192 750 2257 positum
774 2207 1008 2254 peccatum
1025 2196 1298 2254 imputat‚vt
1313 2196 1354 2241 vi
1375 2192 1487 2238 illius
1505 2193 1811 2253 imputationis
1834 2194 1946 2252 pro-¹
2012 2192 2018 2196 ’

458 2259 641 2306 ducatur
656 2260 877 2302 internum
897 2255 1006 2303 illud
1023 2259 1067 2302 in
1089 2255 1217 2302 nobis
1235 2271 1489 2319 peccatum,
1506 2255 1633 2317 quod
1659 2255 1827 2316 alioqui
1851 2269 1946 2301 non

458 2322 600 2387 poffet
617 2320 819 2382 produci.
860 2324 1066 2374 Hoccinc
1081 2320 1140 2367 est
1158 2321 1410 2385 glorificare
1426 2326 1600 2373 Deum,
1618 2322 1664 2366 &
1684 2336 1774 2365 non
1790 2321 1942 2384 potius

455 2403 556 2435 eum
570 2384 712 2431 facere
731 2414 745 2436 ,
760 2385 918 2446 (quod
936 2384 1024 2433 fine
1039 2385 1223 2433 horrore
1235 2385 1509 2433 conscientiae
1539 2388 1829 2447 pronunciare
1856 2399 1950 2430 non

454 2451 627 2516 possum
644 2480 656 2500 ‚
683 2448 703 2510 )
727 2463 927 2497 autorem
942 2454 1111 2515 peccati
1130 2450 1267 2497 nostri
1290 2455 1308 2498 ἓ
1335 2454 1544 2512 Denique
1560 2480 1573 2502 ,
1594 2446 1831 2510 quomodo
1861 2450 1950 2504 ina-j

455 2530 660 2580 putatum
672 2511 783 2582 iiiuc}
797 2529 1032 2577 peccatum
1044 2519 1089 2565 &
1103 2520 1339 2581 corruptig
1353 2519 1502 2584 narina
1525 2513 1696 2583 faciunt
1712 2528 1849 2566 vnum
1866 2513 1948 2563 ve-¹

500 2578 520 2583 d
534 2575 615 2582 ψ..
630 2576 659 2582 „.
843 2570 1033 2585 usta-„-
1046 2577 1089 2583 ,-
1104 2573 1190 2587 ,μω
1303 2582 1306 2584 ,
1393 2575 1427 2582 Α,
1525 2574 1597 2583 ..μή
1651 2576 1658 2577 ff
1678 2572 1696 2580 „
1711 2570 1848 2578 ..ω--Α
1866 2569 1872 2575 .
1895 2555 1948 2578 ...⁴
