2018 2844
462 99 564 139 222
813 76 984 134 MAN-
1044 73 1242 128 Posvr.
1306 71 1468 127 Car.
1515 70 1636 131 IV.

522 162 555 206 P
570 157 605 203 L
624 157 664 202 A
680 153 745 201 C·
795 155 1028 201 Putauitne
1045 152 1124 197 Vir
1141 152 1183 196 D
1201 145 1317 195 ›stus
1335 162 1402 193 me
1416 150 1474 192 ita
1489 147 1730 195 insan-iuiffe
1745 162 1790 197 vt
1805 164 1943 213 caput

454 219 618 290 proprie*
654 217 826 264 dietum
861 214 1151 262 intellexerim
1189 244 1203 266 ,
1253 214 1332 273 qui
1360 211 1529 257 disertis
1553 213 1698 258 verbis
1756 217 1818 261 ixi
1841 231 1942 263 cor-

463 305 545 353 pus
558 280 770 350 improprie*
784 279 956 329 dietum
974 309 986 330 ,
1000 277 1071 323 seu
1085 280 1238 325 morale
1255 310 1267 331 ,
1281 291 1490 338 tanquam
1507 276 1832 341 rempublicam?
1846 282 1948 326 Ma-
2017 317 2018 320 η

460 350 666 400 sslsestum
678 351 792 394 enim
805 346 864 393 est
877 344 1198 407 rempublicam
1214 358 1302 389 non
1315 341 1398 388 elle
1413 357 1571 402 corpus
1591 341 1818 405 pnylicum
1850 365 1861 393 :
1889 345 1947 391 Et
2015 377 2017 383 ,

461 430 605 463 tamen
619 444 633 466 ‚
651 413 852 475 quamuis
867 425 1020 456 natura
1040 408 1359 472 rempublicam
1375 422 1473 471 cum
1489 421 1536 451 ca
1546 410 1634 468 pite
1652 405 1734 452 suo
1746 409 1948 470 rege,vel

461 477 718 541 magistratu
731 488 821 522 non
844 473 1123 537 colligauerir
1156 476 1298 519 neruis
1324 479 1368 521 &
1394 470 1605 522 vinculis,
1629 486 1762 518 nenio
1787 474 1949 520 dixerit

463 544 687 590 hominem
700 556 803 586 tunc
819 535 942 585 fuisse
958 553 1085 600 caput
1097 537 1349 601 reipublicae
1363 568 1376 590 ‚
1398 551 1498 581 cum
1518 533 1606 596 ipsc
1619 541 1784 583 viueret
1804 534 1949 600 priuass

458 623 532 654 tus
548 635 562 658 2
583 605 782 652 nondum
796 619 896 650 nata
908 601 1134 666 republica
1157 622 1172 649 z
1198 617 1344 662 neque
1369 598 1621 663 respublica
1640 616 1740 663 quae
1755 617 1870 660 nunc
1885 600 1948 649 est

463 685 628 731 corpus
645 669 812 714 dicetur
826 669 942 714 illius
957 670 1183 729 principis,
1197 670 1276 728 qui
1288 680 1576 712 ante—centum
1592 682 1664 712 aut
1679 667 1799 713 mille
1809 681 1946 712 annos

464 734 591 793 defijt
604 733 688 779 esse
701 736 743 778 in
757 736 881 779 viviS.
917 729 1026 777 Tale
1039 747 1198 793 caput,
1211 729 1296 776 talc
1310 746 1469 794 corpus
1488 729 1717 792 politicum
1729 730 1948 778 intellexi.

464 802 590 849 Nam
604 798 771 860 alioqui
791 813 882 843 non
898 811 1039 858 nego,
1054 811 1201 856 neque
1217 798 1376 860 negaui
1392 810 1584 855 vnquam
1600 825 1613 846 ‚
1638 799 1745 856 quin
1761 793 1811 840 fic
1825 796 1947 849 ada-2

463 879 558 911 mus
571 877 703 925 caput
726 865 897 924 generis
909 862 1089 905 hummi
1102 875 1157 906 eo
1172 860 1291 906 seusu
1305 875 1436 922 quem
1450 861 1525 905 Vir
1553 858 1715 906 docitus
1739 860 1820 905 hoc
1841 861 1946 904 loco

464 930 672 991 exponit.
726 925 816 972 sed
841 924 953 988 quid
990 925 1046 971 ad
1076 924 1370 971 immediatam
1403 927 1748 985 «imputationem
1776 924 1946 985 peccati

462 992 670 1040 Adamici
683 989 786 1036 facit
799 989 876 1036 ista
890 992 1045 1051 capitis
1056 994 1166 1037 ratio
1182 996 1200 1037 ?
1215 993 1288 1035 An
1303 987 1359 1033 fic
1374 1001 1508 1047 caput
1526 986 1609 1033 fuit
1625 987 1823 1034 Adamus
1837 986 1949 1032 dun·-

465 1069 587 1102 taxat
612 1054 719 1102 dum
745 1057 943 1116 peccauit
965 1060 983 1102 ?
1008 1055 1076 1099 An
1108 1067 1343 1114 propterea
1365 1050 1492 1115 quod
1508 1050 1784 1098 Abrahamus
1801 1054 1947 1115 gentis

467 1119 658 1167 Iudaicae
680 1134 726 1164 ca
736 1134 811 1177 put
825 1117 906 1164 fuit
920 1150 932 1172 ,
949 1133 1002 1164 eo
1018 1119 1157 1164 modo
1171 1119 1263 1177 ejus
1285 1118 1434 1180 aliqua
1448 1113 1568 1164 ιᾶἰο
1585 1117 1788 1165 omnibus
1805 1123 1846 1164 &
1861 1115 1946 1164 fin·

463 1184 585 1248 ¹agulis
613 1181 771 1229 Iudaeis
791 1187 1071 1247 imputatur?

563 1275 632 1331 Et
667 1279 846 1331 omnia
870 1291 1077 1350 peccata
1107 1275 1302 1332 Adami
1328 1273 1478 1329 nobis
1501 1315 1518 1342 ,
1542 1272 1709 1329 nostra
1732 1272 1946 1333 viciffim

464 1355 646 1406 omnia
664 1352 876 1408 Adamo
894 1356 1141 1426 imputari
1164 1352 1446 1406 debuerunt
1467 1374 1485 1415 3
1508 1369 1596 1422 par
1619 1354 1761 1405 enim
1780 1352 1850 1405 est
1873 1372 1949 1406 ra-

463 1428 543 1479 tio
569 1431 920 1482 :conueniunt
938 1433 1082 1482 enim
1102 1431 1204 1481 toti
1226 1428 1433 1500 corpori
1462 1431 1513 1481 &
1533 1445 1641 1498 quae
1658 1427 1839 1498 capitis
1853 1467 1867 1492 ,
1892 1433 1945 1484 &

463 1519 575 1573 quae
589 1503 812 1558 aliorum
835 1503 1190 1560 membrorum
1207 1501 1338 1557 sunt.
1375 1505 1461 1558 Me
1475 1506 1633 1556 etiam
1649 1503 1951 1575 perturbant

462 1578 728 1652 ista‘vverba
744 1620 759 1646 ‚
779 1582 1119 1649 considerantur
1138 1597 1363 1651 tanquam
1385 1599 1510 1632 vnus
1531 1577 1660 1632 bomo
1679 1584 1731 1631 in
1743 1581 1947 1647 Adam,

462 1653 653 1708 videris
666 1657 973 1708 enimillum
993 1674 1151 1709 vnum
1173 1656 1446 1713 hominem
1460 1656 1523 1708 ab
1542 1654 1754 1709 Adamo
1773 1655 1948 1710 distin⁴

463 1745 640 1802 guere.
685 1731 853 1785 Porro
869 1747 1179 1802 quaecunque
1192 1730 1280 1782 illa
1293 1728 1635 1794 consideratio
1650 1727 1950 1796 fuerit2cum

465 1821 527 1856 ea
542 1818 803 1859 extra'nos
824 1804 946 1860 effet
963 1845 980 1872 2
1003 1825 1098 1860 nec
1113 1809 1393 1878 quicquam
1416 1804 1496 1859 vel
1519 1808 1574 1858 in
1593 1804 1805 1859 Adamo
1828 1844 1842 1871 ,
1863 1807 1948 1862 vel

464 1879 523 1933 iu
545 1881 694 1934 nobis
718 1884 934 1954 pone'ret
950 1921 967 1948 ‚
991 1899 1169 1953 capere
1183 1885 1361 1934 animo
1376 1899 1482 1933 non
1497 1878 1731 1952 possum,
1747 1881 1870 1954 quid
1883 1883 1950 1937 ad

466 1953 570 2010 hoc
594 1955 874 2011 contulerit
907 1998 924 2023 ‚
958 1971 1017 2010 vt
1030 1976 1125 2010 nos
1146 1975 1321 2011 reuera
1345 1958 1756 2014 commiserimus
1779 1976 1952 2028 pecca-

465 2043 582 2086 tum
602 2031 733 2086 illud
753 2033 950 2088 astuale
976 2030 1173 2087 Adami
1207 2048 1357 2086 tanto
1383 2048 1502 2087 ante
1529 2033 1688 2110 quam
1713 2030 1945 2088 essemus-

466 2104 624 2161 Adde
646 2108 788 2181 quod
809 2108 840 2163 fi
870 2112 1236 2163 committente
1257 2109 1357 2162 alia
1375 2107 1579 2181 peccata
1602 2111 1813 2165 Adamo
1836 2129 1949 2183 per-

465 2180 672 2237 durauit
685 2223 701 2249 ,
721 2184 846 2257 qu'Id
861 2184 930 2238 est
947 2186 1286 2258 quamobrem
1303 2184 1390 2238 illa
1407 2205 1612 2258 quoque
1637 2186 1789 2240 nobis
1818 2189 1951 2257 pari-

466 2268 545 2312 ter
557 2275 667 2313 non
680 2262 1039 2333 imputentur?
1056 2264 1147 2317 Sin
1160 2262 1284 2316 dum
1296 2260 1465 2315 solum
1478 2266 1704 2334 primum
1716 2260 1846 2315 illud
1860 2262 1950 2317 ad-

466 2336 699 2387 mitteret
715 2376 731 2402 ,
754 2336 984 2392 obtinuit
1009 2339 1270 2404 ‚mirabor
1288 2380 1303 2405 ,
1323 2353 1410 2392 aut
1435 2335 1625 2409 desijffe
1653 2356 1747 2392 nos
1763 2336 1862 2393 effe
1890 2342 1948 2395 in

466 2408 984 2468 Adamo-confestirn
1017 2414 1127 2487 post
1155 2417 1381 2487 primurn
1406 2413 1536 2470 illud
1571 2430 1838 2489 peccatum
1860 2414 1949 2468 ad-

465 2481 702 2562 miffiim,
723 2502 843 2565 atis>
865 2493 1101 2567 quami?
1116 2493 1249 2567 {2⁴29
1264 2490 1553 2569 scatente&
1575 2489 1819 2569 cist-imus>
1840 2487 1947 2568 “3012
