2018 2844
226 182 228 184 ¹
364 119 460 175 DE
525 136 726 172 STATV
790 120 1245 184 QVAEST10N15.
1461 128 1567 198 ῖς)

94 204 213 252 nem
231 195 610 251 haereditariam
633 195 909 266 complecti
926 194 1326 264 velvoluisti,vel
1347 198 1569 258 noluisti.

90 275 148 327 Si
171 271 380 326 noluisti
414 291 424 322 :
463 270 674 325 debuisti
706 271 761 322 id
782 269 1063 343 significare
1081 312 1097 337 ,
1121 271 1317 344 alioqui
1341 291 1572 332 erraturo

92 346 275 403 lestori
295 388 311 415 ,
333 352 526 420 quippe
544 345 661 400 cum
683 345 784 398 hoc
801 349 972 419 primo
996 350 1162 421 capite
1177 350 1359 402 innuas
1374 392 1389 418 ‚
1419 355 1471 406 &
1492 350 1565 407 se-

92 423 264 476 cundo
292 423 481 477 clames
511 463 526 488 ,
560 425 612 476 δε
649 421 761 474 aliis
791 421 1015 476 inculces
1036 463 1053 489 ,
1100 428 1488 495 corruptionem
1511 430 1571 484 il·

94 498 199 552 lam
223 517 436 572 poenam
461 495 559 552 esse
579 500 731 570 primi
749 501 960 569 peccati.
998 497 1270 556 Sivoluissi
1288 523 1305 563 3
1325 502 1404 555 vel
1421 519 1568 575 puta-

95 576 154 630 sti
183 577 575 648 corruptionem
608 571 752 626 illam
775 570 874 626 effe
906 592 1121 647 poenam
1146 576 1569 651 propriexdidtam

95 653 249 723 primi
276 653 467 723 peccati
488 690 505 718 ‚
532 668 638 702 non
669 646 839 703 solum
869 666 1119 722 quatenus
1144 649 1332 724 inipso
1355 652 1568 710 Adamo

95 725 197 780 fuit
215 767 232 793 ,
256 725 341 780 sed
361 728 519 780 etiam
541 739 793 797 quatenus
823 727 950 781 inest
965 730 1020 779 in
1038 726 1222 791 nobis·2
1246 727 1328 783 vel
1345 748 1484 784 non:
1511 733 1569 788 Si

97 803 235 874 prius
249 842 264 868 ,
289 802 622 874 quaestionem
642 819 748 854 non
770 800 994 856 admitto
1017 822 1026 853 :
1049 801 1407 876 Praesupponit
1427 810 1571 863 enim

95 891 154 932 vt
179 891 373 931 certum
389 918 405 944 ‚
428 892 483 933 vt
502 880 636 932 inter
651 895 745 930 nos
766 874 1051 932 confessum
1072 918 1087 942 ,
1106 879 1160 931 id
1181 878 1322 949 quod
1348 898 1446 953 ego
1462 882 1573 937 the-

101 951 232 1006 sibus
254 955 383 1005 meis
408 951 630 1007 refu'taui
654 994 668 1020 ‚
691 953 933 1025 quodque
954 951 1180 1009 versatur
1199 957 1252 1006 in
1275 957 1572 1026 quaestione,

101 1031 349 1081 nimirum
380 1033 765 1101 corruptionem
796 1028 1172 1084 haereditariam
1193 1025 1291 1083 effe
1316 1070 1331 1098 ,
1365 1035 1574 1105 propri&

103 1107 157 1157 &
191 1103 356 1158 stricte
377 1104 644 1177 loquendo
662 1145 676 1172 ,
703 1121 914 1175 poenam
933 1108 1088 1178 primi
1115 1108 1340 1178 peccati,
1365 1126 1475 1162 non
1493 1105 1575 1163 so-

100 1178 213 1234 lum
230 1194 481 1252 quatenus
504 1178 603 1234 fuit
619 1184 672 1234 in
697 1180 910 1234 Adamo
927 1178 1014 1234 sed
1034 1184 1195 1234 etiam
1217 1197 1465 1253 quatenus
1481 1202 1595 1238 no-.

101 1254 179 1308 bis
199 1257 641 1330 propagatainest.
681 1257 736 1310 Si
759 1272 973 1326 poenam
1005 1256 1216 1327 quidem
1237 1253 1334 1310 effe
1346 1259 1575 1328 voluisti,

100 1327 309 1385 sednon
330 1331 729 1405 propriedieiam
746 1372 762 1398 ,
782 1349 876 1385 nec
895 1331 1063 1386 stricta
1087 1330 1237 1399 hujus
1259 1333 1495 1388 vocabuli
1518 1335 1577 1390 si-
1650 1384 1658 1389 r

104 1404 439 1479 gnificatione
457 1449 472 1474 ,
499 1405 678 1461 saltem
696 1423 946 1480 quatenus
968 1406 1038 1461 est
1055 1409 1109 1460 in
1127 1408 1276 1461 nobis
1296 1448 1312 1475 ,
1340 1408 1575 1468 decuitte

104 1481 335 1537 mentem
350 1498 494 1537 tuam
512 1482 764 1554 explicare
780 1523 796 1550 ,
819 1484 1068 1555 quoniam
1090 1496 1301 1556 apparet
1316 1502 1380 1538 ex
1397 1486 1575 1550 multis

104 1557 262 1629 hujus
278 1562 353 1613 tui
375 1562 620 1614 tractatus
638 1557 766 1611 locis
786 1572 838 1610 te
858 1560 1247 1630 corruptionem
1267 1557 1409 1613 illam
1429 1577 1577 1632 puta-

104 1653 158 1688 re
181 1653 392 1707 poenam
425 1632 523 1688 esse
557 1631 705 1686 sensu
727 1631 1030 1687 strictissimo
1054 1674 1069 1700 ,
1091 1631 1425 1705 maximeque
1455 1654 1576 1708 pro-

103 1713 236 1782 prio.
273 1707 428 1765 Misso
458 1712 617 1782 igitur
639 1727 804 1782 poenae
821 1711 1034 1762 nomine
1052 1748 1067 1776 ,
1089 1706 1332 1779 potuiffes
1353 1709 1418 1763 fic
1445 1730 1578 1783 quae-

105 1786 324 1840 stionem
344 1781 610 1841 instituisse
635 1784 736 1838 fine
761 1783 863 1841 vlla
881 1784 1223 1859 ambiguitate
1240 1824 1257 1851 2
1276 1786 1390 1840 Cur
1409 1784 1580 1841 nasca-

104 1880 220 1915 mur
241 1861 458 1930 obnoxij
480 1858 696 1915 miseriis
713 1860 863 1930 hujus
878 1862 995 1915 vitae
1012 1900 1028 1928 ,
1049 1862 1211 1912 morti
1229 1863 1457 1934 corporis
1475 1904 1490 1931 ‚
1522 1868 1578 1918 &

108 1938 268 1990 morti
298 1944 534 1996 aeternae?
558 1954 623 1988 an
643 1938 764 2008 quia
785 1935 933 1989 nobis
954 1937 1240 2006 imputetur
1263 1938 1502 2007 proxime
1524 1944 1579 1994 ὃ(

103 2011 406 2066 immediate
441 2014 666 2084 primum
702 2027 974 2084 peccatum
1000 2009 1196 2064 actuale
1223 2009 1418 2066 Adami
1442 2020 1462 2072 ἒ
1489 2031 1582 2071 aut

105 2091 225 2160 quia
245 2086 347 2142 fine
367 2084 622 2157 ejusmodi
637 2089 983 2160 imputatione
1003 2126 1020 2154 ,
1046 2085 1296 2141 vitiositas
1312 2089 1420 2142 eius
1435 2089 1579 2143 abeo

105 2165 162 2216 in
183 2182 278 2219 nos
292 2162 525 2217 deriuata
539 2164 609 2219 est
628 2203 642 2230 ‚
672 2166 723 2217 &
743 2181 829 2233 per
844 2165 1276 2237 propagationem
1292 2164 1581 2221 naturalem

105 2236 397 2299 transfusa?
426 2243 509 2295 Tu
534 2238 669 2312 prius
689 2237 906 2294 affirmas
920 2279 936 2305 ,
959 2257 1060 2312 ego
1078 2236 1340 2309 posterius.
1377 2239 1477 2299 Vel
1495 2239 1579 2308 sse,

109 2317 218 2370 Cur
233 2315 483 2371 trahimus
499 2317 563 2370 ab
577 2315 787 2373 Adamo
805 2318 1190 2387 corruptionem
1213 2313 1466 2369 moralem
1482 2315 1581 2370 hae-

110 2390 406 2446 reditariam
427 2433 443 2460 ,
476 2411 585 2464 quae
604 2406 872 2466 peccatum
896 2387 1149 2465 originale
1173 2389 1273 2443 dici
1293 2386 1464 2450 solet?
1489 2390 1582 2447 An

110 2467 231 2536 quia
253 2467 401 2521 nobis
432 2469 462 2524 ὲ
492 2471 614 2527 Deo
640 2467 819 2523 Iudice
845 2469 1068 2542 primurn
1090 2480 1358 2539 peccatum
1382 2467 1583 2523 actuale

112 2540 308 2620 &dani
339 2544 659 2622 imputetur>
691 2561 751 2623 ὃς
770 2548 825 2622 in,
851 2547 959 2624 eius
993 2544 1237 2622 imputati
1258 2561 1470 2618 poenam
1486 2582 1504 2611 2
1523 2558 1583 2615 vt

1159 2617 1318 2696 &a
